2279 3006
462 166 549 220 '263
728 165 1166 226 ANTIQUIT.
1217 166 1474 212 MEDII
1522 169 1716 215 AEV!
1892 181 1980 232 264

403 224 594 268 pet-anzesss
635 225 806 260 Patavina
848 224 989 261 Civitas
1032 235 1159 276 capta,
1196 227 1232 262 A
1268 229 1375 276 quam
1413 229 1585 277 squallida
1613 231 1736 268 multis
1764 231 1800 268 in
1829 234 2034 284 regionibus

392 272 542 318 flammis
567 274 755 310 vorantibus
790 287 978 310 concremata
1014 277 1081 321 est,
1117 279 1162 312 (Υ
1269 288 1354 315 tunc
1377 279 1468 316 foret
1494 279 1595 316 illius
1621 279 1747 319 facies.
1778 283 1852 333 Ipsa
1875 285 2034 322 Urbium

395 322 483 368 juffu
511 326 611 370 Regis
630 323 779 370 Agilulfi
803 327 847 359 ad
867 326 968 370 solum
994 328 1087 374 usque
1104 329 1159 362 de-
1272 329 1407 379 Regina
1451 333 1589 374 Roma,
1629 333 1785 379 quandiu
1825 337 2033 385 Langobar-

392 373 517 416 strufla
544 376 608 417 est.
641 377 759 410 Parem
787 374 947 413 fortunae
968 379 1079 414 aleam
1105 378 1159 415 su-
1272 380 1396 416 dorum
1435 383 1596 430 Regnum
1624 382 1767 432 viguit,
1804 384 1949 423 summis
1977 400 2033 422 ca-

399 424 493 461 hiere
521 428 697 461 Cremona
716 452 726 466 .
765 425 962 464 Brixellum
981 453 991 468 ,
1019 429 1159 477 aliaque
1270 431 1492 469 lamitatibus
1520 432 1679 481 agitata,
1716 444 1823 484 atque
1849 437 1887 472 in
1916 439 2034 486 pejora

398 475 496 512 loca.
525 475 765 512 Exarchatum
793 479 1056 520 Ravennatem,
1087 482 1158 516 Ro·
1270 496 1399 524 ruens,
1435 496 1478 518 ex
1507 482 1658 531 antiquo
1684 484 1866 533 splendore
1894 487 2033 524 decide-

399 538 541 561 manum
572 528 748 562 Ducatum
767 554 777 570 ‚
816 531 1028 577 Neapolim,
1066 540 1158 567 cete·
1269 533 1354 568 bat.
1383 535 1429 568 Et
1457 532 1498 568 ad
1527 547 1565 569 ea
1594 535 1736 582 quidem
1766 545 1926 586 tempora
1955 552 2031 586 per-

399 576 520 624 rasque
536 579 750 614 Graecorum
768 578 885 616 Urbes
905 581 1041 629 gladius
1063 583 1156 618 Lan-
1268 582 1379 618 tinere
1404 593 1490 632 puto
1515 584 1765 632 Epigramma,
1791 589 1884 634 quod
1912 589 1949 624 in
1971 602 2031 624 ve-

399 627 607 674 gobardicus
658 628 756 676 saepe
796 631 946 667 vexabat
971 658 980 667 .
1022 633 1158 669 Contra
1268 633 1451 670 tustiffimo
1488 633 1627 671 Codice
1663 635 1831 680 Capituli
1867 635 2030 674 Canoni-

398 678 524 713 Hunni
547 678 822 727 forojuliensem
844 681 1069 718 Provinciam
1086 696 1157 719 non

397 727 501 764 semel
531 730 731 767 vastarunt.

452 781 546 815 [nter
577 789 633 816 tot
670 781 784 817 clades
811 783 845 818 &
873 797 1054 820 aerumnas
1092 783 1160 821 flu-

397 828 540 867 &nante
577 831 682 868 Italia
709 846 815 870 nemo
851 847 922 870 non
960 835 1158 884 intelligit,

1201 679 1229 713 B
1269 697 1389 720 corum
1436 685 1693 722 Mutinenfium
1735 689 1881 724 MStum
1921 688 2029 738 legi,

1269 744 1374 784 atque
1401 734 1479 772 heic
1507 736 1642 773 editum
1671 738 1776 775 volo.

443 943 756 1013 Epigramma
794 946 846 996 in
886 945 1078 998 Urbem
1120 946 1357 1008 Romam,
1395 949 1626 1011 Saecu10,
1665 966 1721 1003 ut
1759 950 1980 1010 videtur,

809 1020 924 1074 Vll.
966 1036 1047 1072 aut
1088 1022 1225 1074 Vlll.
1267 1026 1620 1093 compositum.

573 1152 776 1193 Nobilibus
800 1149 931 1205 fueras
962 1151 1148 1208 quondam
1179 1153 1383 1203 construeza
1410 1157 1603 1211 patronis,

692 1211 856 1252 Subdita
886 1227 984 1252 nunc
1007 1210 1157 1264 [ervis.
1188 1215 1274 1253 Heu
1305 1213 1403 1254 male
1433 1216 1555 1255 Roma
1585 1216 1688 1257 ruis!

573 1268 782 1321 Deseruere
812 1270 872 1310 tui
902 1283 1006 1312 tanto
1037 1283 1075 1310 te
1106 1283 1269 1326 tempore
1300 1275 1455 1327 Reges:

691 1327 815 1384 Ccffi't
846 1325 896 1367 (9⁸
928 1328 977 1368 ad
1007 1332 1161 1369 Graecos
1192 1344 1322 1369 nomen
1354 1329 1542 1385 honosque
1568 1345 1696 1374 tuum0

573 1388 621 1426 In
651 1399 689 1427 te
720 1387 902 1427 nobilium
937 1389 1134 1427 Rec'lorum
1166 1403 1269 1427 nemo
1301 1389 1478 1442 remansit
1487 1406 1507 1441 ‚-

694 1445 928 1500 Ingenuique
958 1446 1018 1491 tui
1048 1461 1136 1485 rura
1167 1445 1328 1502 Pelasga
1360 1447 1510 1489 colunt.

575 1502 719 1559 Vulgus
749 1502 795 1542 ab
826 1505 1000 1544 extremis
1031 1504 1244 1556 distraffum
1274 1506 1444 1560 partibus
1474 1505 1597 1559 orbis,

691 1564 894 1602 Servorum
919 1561 1032 1616 servi
1063 1579 1160 1603 nunc
1188 1564 1263 1604 tibi
1290 1562 1384 1615 sunt
1414 1564 1582 1604 domini.

573 1620 912 1677 Constantinopolis
937 1621 1081 1677 florens
1110 1638 1209 1663 nova
1242 1626 1364 1662 Roma
1394 1635 1570 1663 vocatur.

692 1679 892 1720 Moenibus
922 1680 973 1720 (9¹
1005 1682 1120 1722 muris
1151 1685 1272 1721 Roma
1303 1682 1449 1733 vetusta
1480 1681 1602 1723 cadis.

572 1738 654 1777 Hoc
683 1751 835 1778 cantans
861 1738 985 1796 prisco
1012 1740 1202 1796 praedixit
1232 1743 1395 1780 carmine
1428 1743 1569 1781 Vates:

691 1798 849 1847 Roma,
879 1798 952 1839 tibi
985 1798 1112 1841 subito
1142 1799 1311 1840 motibus
1342 1798 1416 1839 ibit
1446 1813 1581 1840 amor.

568 1856 682 1909 Non,
728 1872 739 1895 ι
773 1869 811 1897 te
841 1858 954 1899 Petri
983 1859 1159 1899 meritum
1189 1859 1377 1913 Paulique
1400 1856 1580 1912 fhveret,

691 1916 877 1971 Tempore
906 1919 984 1969 jam
1015 1918 1122 1975 longo
1152 1922 1275 1958 Roma
1305 1916 1452 1969 misella
1478 1915 1604 1970 fores.

569 1973 808 2015 Manciribus
843 1975 1015 2028 subjec‘za
1041 1979 1166 2026 jacens
1196 1977 1392 2017 macularis
1425 1977 1568 2032 iniquis

685 2034 835 2089 Inclyta
866 2051 962 2091 quae
984 2034 1114 2091 fueras
1145 2036 1342 2078 nobilitate
1373 2038 1522 2089 nitens,
1552 2033 1637 2078 &c-

391 2146 451 2184 Ad
488 2148 654 2197 legendos
691 2149 850 2198 reliquos
886 2152 1004 2189 versus
1041 2167 1097 2189 me
1124 2166 1159 2189 a·
1195 2156 1225 2191 C
1262 2153 1349 2196 bus,
1386 2153 1449 2188 sub·
1482 2164 1633 2200 quorum
1668 2150 1916 2187 dominatione
1946 2164 2023 2188 cer-²

393 2198 462 2233 cies
499 2201 684 2236 oculorum
722 2201 876 2237 defecit.
912 2204 1045 2239 Scribit
1074 2206 1158 2240 Poe·
1262 2213 1335 2239 tum
1365 2203 1410 2239 est
1448 2206 1642 2239 Romanam
1679 2215 1753 2237 rem
1781 2201 2021 2251 affurrexiffe3

389 2256 426 2284 ta
444 2278 451 2292 ‚
483 2252 633 2286 Romam
667 2261 759 2286 tanto
784 2263 918 2300 tempore
944 2267 964 2289 a
992 2254 1060 2290 suis
1091 2258 1158 2291 Re·
1261 2254 1315 2290 sed
1343 2254 1486 2302 quidem
1522 2254 1563 2289 de
1589 2252 1780 2287 Graeculis:
1813 2265 1895 2288 narn
1923 2251 2020 2288 anti-

391 2300 495 2348 gibus
532 2301 636 2338 fuisse
660 2302 827 2339 desertam
846 2332 856 2349 ,
894 2302 932 2341 δὲ
958 2306 1003 2340 ad
1028 2309 1158 2341 Graecos
1260 2305 1381 2352 quitus
1413 2304 1529 2341 Servis
1562 2303 1601 2339 in
1629 2303 1777 2339 Graecia
1803 2302 1900 2339 natis
1927 2303 2020 2339 Urbs

392 2350 558 2389 tranfiiffe
585 2353 661 2402 ejus.
681 2366 810 2390 nornen
833 2365 939 2403 atque
967 2356 1155 2393 honorem.
1261 2355 1452 2392 abundavit
1479 2369 1501 2398 ‚·
1544 2363 1627 2389 tunc
1668 2357 1752 2392 vero
1792 2367 1810 2390 e
1851 2353 2023 2390 converso

391 2402 574 2440 Dicuntur
608 2413 727 2441 autem
759 2406 848 2449 servi
877 2408 1040 2452 servorum
1071 2417 1156 2443 tunc
1261 2406 1385 2443 Graeci
1435 2403 1605 2441 Praefeffli
1652 2404 1822 2440 Romanis
1867 2404 2025 2453 impera*

393 2452 530 2489 Romae
564 2454 762 2491 dominari:
802 2458 897 2505 quod
924 2459 1073 2494 minime
1099 2471 1156 2494 ac·
1262 2458 1374 2493 bant.
1409 2456 1501 2493 Infra
1539 2454 1658 2491 eadem
1696 2456 1787 2491 Urbs
1824 2456 2025 2503 appellatur·

397 2501 601 2551 tipiendum
626 2505 673 2542 est
698 2507 740 2543 de
767 2509 937 2544 Romanis
970 2508 1155 2545 Pontifici-
1175 2507 1190 2543 1
1226 2506 1483 2552 lManciribus,
1503 2506 1572 2544 hoc
1590 2506 1657 2547 est,
1676 2516 1715 2542 ut
1735 2506 1917 2563 conjicio-3
1941 2505 2020 2552 spu-

1872 2569 1936 2593 nls
1953 2581 1965 2600 ‚
