2279 3006
250 247 330 287 297
565 194 1020 272 nissam-arm
1067 227 1430 272 VJGESJMA.
1669 233 1747 283 198

194 295 318 325 aui-eam
345 296 402 323 aut
427 298 626 334 argenteam,
661 299 717 324 aut
754 302 790 322 ex
817 287 951 333 quolibet
973 287 1034 321 A·
1059 296 1156 334 ptum
1171 315 1179 331 ,
1208 288 1260 323 uti
1283 287 1481 324 paschalius
1501 285 1582 323 Lib.
1601 300 1632 322 2.
1649 291 1734 335 Cap.
1756 284 1810 319 16.

195 339 322 373 metallo
356 345 576 382 ccmlo!·:am‚
620 341 744 386 quando
793 337 951 381 nuptialia

190 389 314 433 foedera
350 401 553 428 contutant,
596 391 628 424 in
671 388 828 434 capitibus
865 387 950 430 defe-

191 448 285 473 runt.
321 440 385 472 sed
408 442 474 483 post
499 441 687 487 sponsalia,
723 453 800 487 quae
821 438 950 482 sutura-

192 501 261 523 rum
287 491 367 536 sunt
403 492 584 537 nuptiarum
626 489 770 538 promissa
803 489 949 533 foedera,

191 553 328 586 quaeque
366 542 506 585 consensu
534 555 634 576 eorum
651 569 661 584 ‚
703 543 760 587 qui·
783 541 854 575 haec
881 553 949 573 con-

192 590 348 634 trahunt,
377 592 419 624 (9⁴
445 605 570 634 eornm,
607 593 639 626 in
666 605 792 638 quorum
816 594 950 634 potesta-

192 650 223 674 te
247 640 341 683 sunt,
376 641 595 684 celebrantur,
633 641 678 680 e&
712 642 872 688 postquam
898 653 950 675 ar·

193 690 259 724 rhis
293 692 443 734 Sponsam
472 692 538 733 fibi
562 692 698 739 Sponsus
735 703 790 735 per
814 691 951 736 digitum

183 739 268 784 fidei
307 755 327 775 a
361 741 395 785 se
434 743 568 777 Annulo
603 741 787 787 insignitum
822 741 949 786 despon-

190 794 288 833 dent,
315 796 473 838 dotemque
499 793 619 838 utrique
641 792 793 838 placitam
812 791 950 837 Sponsus

190 842 241 884 ei,
282 855 347 875 cum
375 843 490 888 scripto
514 841 641 887 pubium
677 842 728 876 boe
753 842 948 880 continente,

191 905 291 926 coram
318 892 468 926 invitatis
504 892 546 927 ab
572 903 702 938 utraque
725 902 816 936 parte
843 892 946 926 tradi—

187 943 270 974 derit
313 942 378 975 (90.
419 943 507 976 ambo
541 945 583 977 ad
629 943 790 989 nuptialia
825 942 949 986 foedera

185 993 413 1037 perducuntur.
442 995 489 1026 Et
512 994 648 1039 primum
677 994 801 1039 quidem
830 994 862 1027 in
884 995 948 1026 E:—

189 1040 279 1080 clesia
313 1042 445 1075 Domini
484 1057 550 1076 cum
595 1044 825 1086 oblationibus,
872 1056 948 1089 quas

188 1091 296 1137 offerre
329 1093 439 1126 debent
476 1096 541 1127 Deo
578 1104 634 1140 per
667 1094 842 1129 Sacerdotis
881 1107 947 1128 ma—

189 1155 283 1184 num,
305 1141 518 1183 statuuntur:
557 1144 659 1191 ficque
699 1146 821 1178 demum
857 1143 947 1178 bene-

188 1192 357 1226 dic‘lionem
394 1194 436 1226 (9⁶
484 1195 629 1229 Velamen
650 1195 773 1235 caeleste
800 1195 819 1212 *
842 1193 948 1238 suspi-

188 1243 275 1276 ciunt
315 1244 382 1277 &c.
432 1246 648 1278 Verumtamen
693 1245 839 1278 Velamen
867 1243 950 1276 illud

189 1305 250 1325 non
271 1292 424 1336 suscipit,
474 1295 529 1339 qui
568 1295 611 1328 ad
642 1294 794 1338 ficundas
821 1293 950 1337 nuptias

191 1342 326 1387 migrat.
367 1342 439 1384 Post
477 1344 549 1378 haec
587 1355 689 1378 autem
734 1346 773 1377 de
812 1342 949 1382 Ecclesia

190 1393 294 1437 egrefft
321 1394 457 1426 Coronas
478 1394 509 1426 in
531 1394 685 1439 capitibus
700 1393 846 1439 gestant,
872 1406 949 1438 quae

182 1442 302 1486 semper
329 1441 361 1474 in
398 1442 536 1481 Ecclesia
563 1443 631 1485 ipsa
663 1444 739 1486 sunt
760 1443 875 1487 solitae
902 1456 948 1476 re—

182 1490 308 1535 servari
334 1489 405 1528 &a
433 1491 709 1538 Antiquiffirnus
738 1502 852 1528 autem
876 1503 948 1528 erat

184 1540 275 1577 ritus
311 1542 443 1575 ,Annali
480 1541 516 1576 in
553 1542 776 1589 Sponsalibus
817 1543 945 1585 dandi,

187 1591 284 1639 isque
312 1604 329 1626 a
357 1592 584 1626 Tertulliano
612 1592 648 1627 in
677 1593 758 1628 Lib.
786 1593 827 1628 de
860 1594 946 1628 Cul-

188 1652 227 1678 tu
278 1642 501 1677 Feminarum
553 1643 749 1690 appellatur
792 1644 947 1679 Annulus

185 1694 364 1737 pronubus.
401 1693 579 1728 Romanos
616 1693 787 1729 Ethnicos
825 1694 944 1729 eodem

188 1744 261 1778 ritu
290 1741 365 1776 usos
393 1741 563 1789 legimus.
591 1746 625 1778 A
654 1743 772 1779 sanfio
792 1744 945 1779 Ambro—

188 1791 236 1826 fio
256 1792 442 1836 flammeum
471 1794 613 1836 nuptiale
640 1806 810 1839 nuptarum
849 1808 944 1830 com-

190 1851 404 1877 memoratur
439 1841 475 1877 in
518 1844 600 1879 Lib.
645 1845 686 1880 de
728 1844 946 1893 Virginitare

189 1891 279 1938 Cap.
304 1895 378 1926 XV.
407 1906 476 1940 quo
504 1894 647 1930 nornine
685 1898 829 1929 Velamen
857 1896 944 1931 illud

190 1942 403 1990 designatum
442 1943 560 1986 vides,
598 1945 694 1993 cujus
731 1946 775 1980 est
810 1946 947 1981 mentio

191 1996 278 2032 apud
309 1994 498 2028 Nimlaum
540 1997 686 2043 Papam.
724 1996 818 2031 Idem
858 1998 947 2032 Am—

191 2042 319 2078 brosius
348 2044 490 2091 Epistol.
522 2056 576 2092 19.
604 2046 674 2080 ait:
715 2050 820 2091 ‚Quum
849 2047 949 2091 ipsum

190 2093 368 2140 conjugium
397 2095 555 2129 Velamine
594 2097 786 2130 sacerdotali
812 2095 855 2135 ὠ·
885 2101 949 2131 Be—

190 2143 365 2179 nedicfiione
387 2145 584 2190 sanHificari
610 2157 744 2192 oporteat
764 2148 830 2182 &a
851 2149 949 2193 Qua-
971 2167 973 2172 ν

190 2203 272 2230 tuor
312 2195 473 2229 homines
521 2196 559 2230 ad
609 2206 758 2239 quatuor
803 2201 947 2244 angulos

190 2245 361 2293 ejusmodi
405 2246 512 2279 Velnm
550 2247 678 2293 (quod
721 2247 827 2282 etiam
869 2250 948 2283 Pal—

192 2297 272 2329 lium
299 2297 517 2344 appellavere
540 2298 551 2343 )
581 2298 760 2332 tenebant.
794 2300 856 2333 Per
875 2312 947 2334 ma—

193 2359 257 2380 nus
285 2357 398 2380 autem
428 2347 622 2382 Sacerdotis
659 2352 797 2382 Coronae
837 2363 946 2384 novo-

194 2408 270 2430 rum
298 2397 498 2445 Conjugurn
521 2399 693 2446 capitibus
720 2399 947 2447 imponeban-

194 2454 272 2485 tur,
311 2460 437 2494 eaeque
477 2449 623 2484 turritae
663 2450 726 2484 effe
763 2449 948 2486 consueve—

195 2506 298 2536 runt,
325 2507 428 2543 atque
456 2512 495 2534 ex
528 2499 690 2536 fioribus.
728 2502 842 2545 Quem
872 2514 947 2536 mo-

195 2559 266 2581 rem
313 2561 331 2582 a
380 2551 520 2587 Graecis
561 2549 599 2586 ὅ(
644 2552 810 2586 Romanis
852 2564 972 2596 acce-g

1057 337 1098 371 de
1125 339 1277 373 Coronis
1304 338 1474 377 ostendit,
1501 338 1614 373 veluti
1643 338 1809 375 innocen-

1056 396 1128 421 tem
1155 387 1328 424 retinuere
1355 388 1567 425 Christiani.
1606 390 1644 423 In
1674 399 1809 425 contra-

1057 436 1170 472 hendo
1211 438 1317 473 etiam
1359 439 1588 475 matrimonio
1626 439 1809 481 dexteras,

1058 486 1112 522 uti
1150 500 1263 531 nunc,
1310 489 1359 524 ita
1396 490 1484 525 olim
1522 489 1579 525 vir
1617 488 1656 524 ὅ(
1685 492 1812 527 mulier

1060 537 1273 584 jungebant,
1302 539 1356 574 uti
1383 540 1474 575 idem
1503 541 1746 576 Tertullianus
1774 540 1811 579 ὃς

1059 587 1324 628 Nazianzenus,
1363 590 1545 626 testantur.
1593 591 1753 639 Denique
1794 606 1813 628 a

1059 638 1241 674 Sacerdote
1269 641 1519 684 monebantur,
1560 650 1599 677 ut
1644 641 1689 676 ob
1716 656 1812 678 reve-

1057 688 1207 724 rentiam
1255 691 1466 725 sacramenti
1512 705 1552 726 eo
1604 691 1660 727 die
1701 693 1734 727 8<
1763 693 1813 729 se-

1058 738 1180 785 quenti
1226 739 1329 775 n05³te
1370 741 1388 774 ὲ
1430 742 1638 778 commercio
1680 744 1812 780 carnali

1058 789 1286 825 abstinerent.
1324 793 1438 825 Immo
1476 801 1594 836 erant,
1644 793 1705 841 qui
1752 807 1811 840 per

1059 838 1203 875 biduum
1231 839 1266 875 δί
1296 840 1453 876 triduum
1475 841 1676 890 subsequens
1697 844 1812 880 obser-

1058 890 1207 925 vandam
1263 890 1460 926 indicerent
1516 893 1770 930 continentiam
1802 907 1811 929 t

1055 940 1149 988 quod
1185 940 1264 976 sane
1300 942 1423 977 durum
1462 943 1652 978 carnalibus
1680 945 1811 980 nostro-

1056 1004 1131 1025 rum
1162 1000 1361 1039 temporum
1389 992 1591 1027 horninibus
1615 994 1813 1030 videretur.

1056 1042 1176 1085 Quum
1206 1044 1289 1077 vero
1316 1042 1358 1077 ad
1386 1041 1508 1077 mariti
1535 1042 1674 1078 domum
1701 1058 1814 1081 novae

1056 1102 1185 1134 nuptae
1212 1092 1504 1131 traducebantur,
1534 1093 1684 1137 plu-ribus
1706 1096 1811 1130 etiam

1055 1154 1158 1187 quarn
1179 1155 1270 1178 nunc
1292 1142 1481 1190 tripudiis,
1506 1142 1695 1190 majorique
1715 1159 1813 1192 pom-

1014 1221 1021 1230 ,
1057 1192 1117 1237 pa,
1146 1205 1198 1227 res
1228 1194 1475 1241 peragebatur.
1504 1194 1544 1227 In
1575 1197 1666 1241 Lege
1691 1198 1724 1231 6.
1747 1197 1815 1231 Ai-

1055 1240 1180 1289 stulphi
1224 1243 1537 1291 Langobardorum
1582 1244 1683 1292 Regis
1722 1248 1814 1281 Part.

1056 1293 1100 1325 11.
1128 1292 1238 1327 Tomi
1269 1295 1314 1328 ΙΙ.
1344 1296 1422 1329 Rer.
1451 1294 1605 1329 Italicar.
1647 1296 1728 1331 haec
1765 1298 1814 1331 le=

1053 1350 1204 1388 guntur:
1245 1345 1399 1378 Pervenit
1434 1346 1478 1379 ad
1519 1358 1593 1383 nos,
1636 1351 1715 1391 quod
1740 1348 1814 1380 dum

1052 1391 1181 1437 quidam
1208 1393 1345 1428 homines
1381 1396 1424 1429 ad
1458 1394 1686 1441 suscipiendam
1712 1400 1813 1441 Spon-
1858 1431 1861 1439 ὃ

1047 1441 1116 1484 sam
1142 1441 1303 1488 cujusdam
1338 1445 1451 1488 Sponfi
1486 1458 1552 1478 cum
1587 1446 1814 1491 Paranympha
1852 1455 1857 1466 ²

1051 1489 1097 1527 &³
1124 1492 1306 1538 Troc‘lingis
1331 1496 1549 1532 ambularent,
1582 1494 1721 1536 perversi
1759 1496 1806 1529 ho-

1051 1540 1147 1573 mines
1183 1554 1296 1586 aquam
1326 1544 1490 1586 sordi'dam
1526 1542 1572 1580 ὄψ’
1603 1543 1733 1584 stercora
1754 1546 1810 1590 su-

1049 1602 1102 1636 per
1128 1590 1226 1634 ipsam
1249 1591 1420 1637 jaHaffent
1448 1592 1520 1630 &c.
1549 1592 1706 1629 Multam
1735 1609 1811 1642 gra—

1053 1653 1127 1675 vem
1174 1641 1259 1676 talia
1301 1643 1337 1677 in
1385 1644 1557 1690 posterum
1604 1644 1809 1689 audentibus

1054 1694 1126 1726 Rex
1169 1690 1319 1727 indicit.
1365 1693 1591 1743 Langobardi
1638 1695 1731 1730 enim
1776 1698 1810 1732 id

1051 1740 1239 1777 observasse
1267 1742 1453 1789 videntur,
1489 1742 1584 1792 quod
1612 1757 1703 1780 nunc
1733 1748 1811 1782 Bri-

1052 1790 1191 1826 tannica
1218 1805 1301 1840 gens
1328 1793 1491 1842 religiose
1529 1803 1669 1830 tuetur:
1715 1797 1811 1833 vide-

1051 1842 1135 1877 licet
1162 1842 1221 1877 ubi
1261 1843 1429 1879 defletum
1467 1857 1598 1879 novum
1637 1847 1811 1894 emergit,

1052 1892 1107 1928 cui
1151 1905 1276 1940 poenas
1313 1893 1488 1942 hucusque
1529 1894 1666 1930 disertis
1695 1897 1810 1933 verbis

1053 1956 1122 1978 non
1162 1943 1442 1992 praescripserint
1478 1947 1621 1993 Leges,
1666 1945 1809 1996 impune

1054 1993 1150 2042 abir3
1197 1992 1234 2029 &
1279 2007 1370 2030 nova
1412 1998 1488 2032 Lex
1532 1996 1709 2032 condenda
1737 1999 1808 2043 est,

1054 2057 1095 2079 ne
1122 2044 1159 2079 in
1208 2044 1373 2091 posterum
1417 2045 1678 2095 castigationem
1723 2050 1808 2087 effur

1053 2094 1146 2143 giat.
1183 2095 1255 2140 Qui
1301 2095 1470 2144 Troi‘Jingi
1514 2097 1734 2144 appellantur
1770 2100 1807 2134 in

1054 2145 1318 2193 Langobardica
1345 2148 1467 2195 Lege,
1506 2146 1714 2192 joculatores,
1755 2150 1811 2196 qui

1045 2196 1165 2240 saltare
1191 2207 1345 2230 noverunt
1366 2221 1376 2237 ‚
1405 2211 1422 2232 a
1451 2196 1557 2245 Papia
1583 2197 1621 2232 in
1649 2198 1810 2244 Lexim,

1051 2256 1153 2293 atque
1176 2246 1217 2280 ab
1239 2247 1318 2282 aliis
1340 2248 1545 2283 creduntur.
1573 2248 1744 2294 Equidem
1768 2250 1805 2285 in

1051 2297 1157 2331 Notis
1184 2297 1225 2332 de
1253 2298 1291 2333 vi
1319 2297 1415 2333 istius
1443 2298 1539 2333 vocis
1560 2298 1741 2339 dubitavi,
1767 2299 1804 2336 ὅ(

1050 2349 1158 2382 adhuc
1205 2347 1361 2388 dubito,
1411 2361 1620 2396 quamquam
1670 2360 1804 2386 certum

1051 2397 1137 2432 mihi
1161 2396 1220 2440 fit,
1249 2399 1389 2444 nuptias
1410 2399 1454 2435 iis
1473 2399 1689 2446 temporibus
1711 2403 1801 2436 rnul-

1049 2449 1095 2483 tis
1136 2447 1262 2483 lusibus
1308 2449 1406 2485 fuifl‘e
1447 2450 1661 2485 celebratas.
1711 2452 1803 2488 Vide

1050 2511 1135 2546 quae
1163 2498 1203 2533 de
1231 2500 1384 2535 Trutanis
1420 2499 1531 2535 dicam
1561 2500 1597 2534 in
1635 2500 1803 2539 Differta«

1026 2548 1147 2589 ‚tione
1177 2551 1305 2585 XXIX.
1333 2552 1372 2585 de
1398 2550 1616 2595 Speffaculis.

1111 2601 1142 2635 N
1176 2612 1193 2634 2
1633 2603 1752 2646 Quan-
