2279 3006
489 205 566 250 151
758 198 1190 255 ANTIQUIT.
1239 196 1485 243 MEDJJ
1527 198 1719 243 AEVJ
1911 219 1990 261 ῳ

424 249 518 297 ginta
546 253 662 289 Librae
689 259 868 292 Venetorum
885 283 894 291 .
936 259 1013 292 Item
1037 258 1160 295 dicebat
1175 286 1186 302 ,

428 314 674 352 unumquemque
717 309 869 342 hominem
907 309 946 342 de
990 312 1088 345 Terra
1128 312 1188 348 illa

419 351 487 393 fibi
506 354 697 399 fidelitatem
733 368 836 392 contra
877 371 993 393 omnem
1034 361 1186 398 bominem

422 402 524 446 facere
549 406 680 446 debere,
722 409 764 441 (9¹
785 407 923 454 singulis
948 411 1043 445 annis
1069 412 1114 446 ibi
1129 427 1186 460 ge—

426 455 531 490 nerale
560 458 715 491 Placitum
742 458 838 499 facere
863 460 991 505 debere,
1032 461 1079 501 ὅ]
1106 464 1185 499 circa

427 505 553 547 Festum
580 508 689 541 scmffi
718 509 861 543 Martini
885 513 969 545 omni
1003 526 1086 547 anno
1113 514 1184 549 inde

426 556 535 590 babere
561 559 666 591 debere
692 567 753 592 tres
781 559 896 595 Libras
928 565 1109 597 Venetorum
1136 564 1182 603 (ᾗ

418 605 474 650 sex
499 607 656 650 Solidos,·
693 607 739 646 ά*
775 612 913 655 quotiens
949 613 1020 647 inde
1046 618 1181 649 Raven-

422 670 496 690 nam
544 657 675 697 transire
723 660 844 696 vellent
861 689 870 702 .
920 663 1056 698 homines
1093 666 1181 699 illius

420 707 480 740 loci
505 719 552 741 eos
579 708 655 743 illuc
678 720 801 754 portare
827 711 960 747 debere:
998 716 1041 749 (9⁶
1067 729 1179 751 unum-

419 770 566 804 quemque
592 760 742 796 bominem
769 762 802 797 in
828 763 881 797 die
906 765 1022 799 Sanfli
1044 768 1178 813 Stepha-

419 808 454 841 ni
491 821 586 843 unum
619 821 731 854 panem
773 811 820 851 ὄψ’
859 815 935 848 duos
973 817 1117 851 denarios
1146 818 1178 852 in

415 859 544 904 panerio
577 863 732 904 praestare
765 865 891 904 debere,
929 866 971 899 Θ
1010 867 1177 911 seott'mam

413 918 537 952 partem
587 913 722 947 omnium
770 916 989 961 anguillarum
1026 917 1179 958 similiter

408 958 475 1000 fibi
501 961 576 995 dare
601 964 707 998 debere
722 978 741 1006 ‚·
782 965 825 998 (9⁴
863 967 907 1000 ad
940 980 988 1001 eos
1021 968 1177 1012 Jusiitias

420 1009 508 1044 illius
536 1012 595 1047 loci
618 1014 787 1058 pertinere,
828 1026 864 1050 ut
887 1028 943 1063 per
968 1031 1014 1051 eos
1042 1018 1177 1055 mensu—

420 1073 472 1096 ras
500 1063 533 1097 &
564 1063 710 1110 pondera
739 1066 898 1103 habeant.
939 1071 985 1103 Et
1029 1069 1060 1110 fi
1103 1071 1179 1116 quid

418 1110 460 1146 de
489 1113 694 1160 ponderibus
720 1123 773 1150 vel
802 1131 863 1165 pro
892 1119 1102 1165 ponderibus
1143 1122 1176 1155 δ(

417 1162 585 1200 mensuris
625 1165 773 1211 exigant,
813 1167 906 1210 suum
942 1167 997 1212 effe
1036 1169 1144 1203 debere
1159 1183 1179 1211 ‚-

419 1210 466 1249 ὡ
492 1227 540 1248 eos
565 1228 631 1249 cum
656 1217 764 1251 honore
791 1215 837 1256 ἐφ’
872 1217 1068 1258 obedientia,
1104 1231 1178 1265 quo-

416 1262 624 1312 tienscumque
659 1271 703 1302 ad
742 1271 871 1303 Terram
907 1266 999 1312 effent
1038 1269 1180 1303 habituri

414 1325 479 1347 acce
507 1328 563 1358 us,
600 1330 648 1350 eos
687 1317 852 1360 secundum
885 1319 1017 1362 formam
1053 1318 1177 1353 libello—

378 1398 381 1401 ,
415 1374 483 1396 rum
510 1366 639 1412 recipere
665 1368 795 1402 debere:
831 1370 874 1403 (9¹
908 1380 963 1415 pro
1003 1369 1179 1403 exaHorum

413 1414 617 1449 extimatione
658 1418 849 1464 ponderum
880 1420 913 1454 8<
943 1419 1178 1454 mensurarum

410 1465 540 1509 petebat
570 1475 691 1500 centum
717 1469 950 1515 quinquaginta
978 1469 1093 1504 Libras
1121 1471 1180 1502 Ve-

416 1523 574 1553 netorum,
602 1515 728 1556 dicens,
757 1519 828 1552 haec
854 1518 960 1553 omnia
985 1519 1094 1553 taliter
1116 1521 1180 1553 Do-

415 1564 499 1597 mino
540 1566 701 1610 Adriense
743 1568 897 1612 Episcopo
943 1578 999 1614 pro
1045 1568 1181 1610 Ecclesia

412 1616 479 1648 San
491 1613 530 1648 ‘Ji
569 1618 659 1651 Petri
685 1620 724 1652 a'e
749 1619 863 1654 Adria
887 1617 1096 1664 pertinuiffe,
1137 1620 1180 1653 (9'
1208 1625 1209 1635 ¹

412 1678 449 1698 ea
482 1664 547 1705 st'bi
587 1669 628 1701 ab
654 1681 687 1700 eo
727 1667 856 1711 conc-effa
891 1666 1005 1714 suiffe.
1046 1671 1181 1717 Itemque

411 1725 468 1760 pro
505 1717 593 1749 domo
636 1717 769 1763 ipsorum
806 1719 1026 1753 Marcbionum
1067 1719 1108 1755 ab
1135 1721 1181 1755 ei·-

412 1764 497 1807 [dem
522 1766 658 1809 personis
684 1778 741 1814 pro
766 1769 934 1803 Communi
960 1770 1089 1805 „Adriae
1125 1781 1181 1815 pe-

413 1813 506 1849 tebat
532 1819 650 1850 Nemus
677 1818 849 1858 Adriani,
878 1818 923 1858 &⁶
952 1821 1039 1854 mille
1067 1822 1182 1856 Libras

417 1867 603 1900 Venetorum
644 1879 699 1914 pro
725 1869 924 1904 extimatione
954 1871 1084 1914 fraudis
1103 1872 1181 1914 stir-

413 1916 517 1958 patici
543 1931 564 1951 a
590 1918 728 1965 triginta
753 1920 848 1955 annis
884 1921 976 1967 usque
1016 1935 1096 1956 nunc
1115 1922 1180 1963 sibi

412 1966 558 2010 fa1¹Jae;
598 1969 640 2002 (9⁴
683 1971 834 2004 neminem
877 1971 909 2005 in
951 1972 1015 2016 ipso
1050 1975 1180 2007 Nemore

418 2016 525 2050 debere
563 2019 677 2053 venari
717 2021 772 2054 vel
805 2019 1044 2066 aucuparifine
1079 2036 1180 2057 eorum

418 2066 548 2102 lieentia
573 2069 628 2102 vel
647 2070 703 2114 sui
728 2072 865 2106 Nuntii.
905 2076 952 2107 Et
981 2073 1013 2114 si
1038 2087 1103 2108 cum
1129 2087 1178 2108 eo-
1205 2087 1207 2091 ·

416 2129 484 2150 rum
525 2117 654 2155 licentia
679 2122 745 2155 ‘vel
786 2123 834 2163 sui
869 2124 991 2158 Nuntii
1019 2123 1178 2168 facerent,

414 2171 579 2211 Aprorum
617 2171 723 2218 capita
758 2172 803 2211 &¹
831 2175 990 2220 quarteria
1026 2175 1072 2213 ἔφ’
1099 2174 1179 2210 coria

416 2221 588 2254 Cer-vorum
619 2221 682 2265 sua
721 2222 777 2268 effe
816 2223 925 2257 debere
950 2225 1095 2260 dicebat:
1137 2225 1180 2259 &⁵

411 2269 604 2315 quingentas
631 2272 750 2308 Libras
787 2276 969 2308 Venetorum
1002 2285 1058 2322 pro
1098 2275 1179 2309 exti-

411 2320 548 2355 matione
586 2321 714 2365 fraudis
755 2325 832 2359 talis
874 2325 1037 2369 Nemoris‚
1085 2340 1178 2373 quam

411 2369 454 2402 eis
488 2371 651 2414 fecerant.
688 2377 737 2409 Et
773 2391 794 2410 a
828 2376 994 2410 Communi
1026 2376 1178 2418 similiter

410 2420 491 2455 duat
530 2423 697 2466 amphoras
734 2425 808 2460 vini
844 2427 1031 2473 peroptimi,
1071 2437 1106 2461 ut
1142 2427 1176 2461 in

411 2471 508 2504 Terra
536 2473 597 2507 illa
619 2473 715 2520 poffet
743 2476 911 2520 inveniri,
941 2477 1081 2523 singulis
1116 2491 1175 2512 an-

413 2518 463 2554 m's
497 2522 604 2557 debere
638 2526 749 2561 habere
766 2552 774 2562 .
816 2529 865 2560 Et
913 2528 1175 2574 quotienscumque

1228 260 1261 295 A
1294 260 1386 304 causa
1413 260 1555 294 venandi
1580 261 1624 294 ad
1650 263 1779 296 Terram
1805 261 1896 297 illam
1928 267 1974 298 acl
1998 277 2053 299 ne-

1295 324 1362 344 mus
1389 312 1506 346 intrare
1531 312 1673 353 vellent,
1709 324 1809 347 omnes
1845 314 1981 349 homines
2009 315 2053 349 il-

1294 362 1357 396 lius
1383 362 1442 396 loci
1464 372 1520 408 pro
1545 362 1711 396 voluntate
1750 376 1851 398 eorum
1877 366 1920 399 ad
1941 375 2051 413 portus

1294 413 1401 446 venire
1425 414 1552 451 debere,
1589 410 1634 450 (θ’
1670 413 1803 457 accipere
1834 415 1979 461 personas
2006 416 2051 450 (9¹

1294 476 1382 509 equos
1409 461 1455 501 &¹
1482 475 1569 497 canes
1596 460 1643 500 &⁶
1670 463 1771 507 retia,
1811 464 1952 512 intusque
1977 477 2051 512 por-

1293 523 1384 552 tare,
1422 516 1464 548 (9⁶
1504 527 1547 548 eos
1588 513 1692 560 prima
1731 514 1783 548 die
1815 516 1885 560 Juis
1910 515 2051 562 expensts

1292 576 1358 597 curn
1384 565 1525 599 omnibus
1558 564 1649 608 sociis
1688 563 1859 608 hospitari,
1890 566 2050 613 sequenti-

1284 615 1348 648 hus
1374 624 1477 648 autem
1503 614 1613 649 diebus
1639 628 1705 648 cum
1738 618 1783 648 eis
1819 616 1964 661 personas
1999 629 2051 650 eo-

1291 676 1358 697 rum
1386 667 1419 698 in
1446 668 1592 700 venando
1617 664 1725 699 debere
1751 665 1913 705 laborare,
1952 678 2050 712 quoa-

1291 716 1404 761 dusque
1441 716 1487 750 ibi
1520 726 1576 760 pro
1609 716 1777 750 venatione
1816 716 1875 750 illa
1897 715 2050 760 starent,-

1291 764 1337 803 ὼ
1364 779 1430 800 cum
1456 766 1538 800 exire
1563 767 1703 805 vellent,
1741 779 1790 800 eos
1823 765 1972 807 similiter
2005 768 2050 801 ad

1287 826 1394 859 portus
1421 819 1559 851 reducere
1584 819 1690 851 debere
1715 816 1897 863 allegabat.
1925 819 1958 851 E
1978 830 2049 851 con-

1290 876 1340 901 tra
1364 867 1522 913 praediHi
1547 867 1673 902 sinaici
1697 867 1846 903 Adriani
1869 878 1925 914 pro
1956 870 2049 901 Com-

1290 918 1398 961 muni,
1436 917 1612 962 praefatam
1648 917 1913 962 JurisdiHionem
1955 916 2050 963 futffe

1288 968 1436 1014 Episcopi
1473 968 1665 1012 Adrienfis,
1706 967 1752 1006 όν
1789 969 1830 1002 ab
1856 981 1887 1001 eo
1916 969 2048 1002 Domino

1287 1017 1489 1054 Marchioni
1529 1019 1649 1054 Azoni
1684 1017 1776 1063 fuisse
1812 1016 1970 1063 conceffam
2011 1017 2046 1051 in

1289 1081 1389 1102 eorum
1415 1069 1613 1113 praesentia,
1651 1070 1782 1116 exceptis
1819 1068 1956 1103 Decimis
2001 1067 2047 1106 Θ*

1286 1118 1528 1163 spiritualibus,
1575 1119 1799 1164 confitebantur
1823 1145 1831 1154 .
1879 1118 2049 1153 Pollicinos

1288 1171 1361 1201 vero
1402 1170 1445 1202 (J
1482 1170 1637 1204 Flumina
1673 1168 1899 1215 navigabilia,
1936 1167 1983 1206 &³
2016 1167 2049 1209 fi

1286 1229 1348 1262 qua
1374 1218 1468 1256 alia,
1497 1232 1574 1264 quae
1599 1221 1642 1254 ad
1666 1219 1845 1265 publicaria
1868 1219 2047 1262 pertinent,

1285 1266 1355 1309 jure
1383 1268 1488 1301 Feudi
1513 1270 1554 1302 ab
1582 1269 1743 1314 Episcopis
1772 1269 1839 1309 sibi
1871 1270 2050 1315 pertinere:

1285 1320 1325 1349 (5
1355 1331 1449 1351 unum
1476 1318 1628 1352 hominem
1655 1320 1780 1352 tantum
1814 1329 1869 1364 per
1901 1317 2049 1364 singulas

1283 1367 1386 1400 domos
1413 1368 1561 1402 Adriani
1583 1368 1742 1414 praedifio
1777 1368 1960 1403 Marchioni
1989 1367 2049 1413 ju·-

1285 1428 1353 1450 rare
1379 1419 1486 1450 debere
1510 1428 1566 1463 pro
1593 1417 1663 1461 ipsa
1689 1418 1886 1461 conceffione,
1923 1418 2049 1460 respon·-

1284 1467 1417 1501 debant.
1448 1466 1611 1512 Ipsumque
1640 1467 1853 1500 Marchionem
1889 1466 1986 1510 semel
2013 1467 2048 1500 in

1283 1530 1365 1551 anno
1391 1516 1499 1551 debere
1534 1517 1599 1557 fibi
1629 1517 1732 1560 facere
1767 1516 1927 1551 Placitum
1951 1530 2049 1563 gene-

1285 1567 1350 1601 rale
1395 1580 1454 1601 non
1499 1565 1750 1610 diffitebantur:
1795 1565 1839 1604 ὠ
1877 1567 2048 1613 septimam

1283 1627 1404 1663 partem
1439 1618 1576 1651 omnium
1612 1617 1828 1662 anguillarum
1864 1618 1965 1663 ipsum
1990 1619 2047 1651 de—

1285 1670 1352 1703 bere
1380 1668 1511 1711 habere,
1552 1668 1595 1701 (9‘
1613 1667 1769 1712 justitias
1797 1666 1885 1700 illius
1920 1667 1978 1701 loci
2005 1673 2049 1701 (9⁶

1286 1718 1442 1763 mensuras
1468 1719 1511 1752 (9‘
1535 1719 1673 1764 pondera
1695 1728 1754 1764 per
1781 1717 1882 1760 ipsum
1916 1717 2049 1762 Episco-

1282 1779 1357 1815 pum
1384 1769 1567 1804 Marchioni
1589 1769 1744 1815 pertinere
1778 1767 2047 1811 protestabantur.

1285 1822 1396 1853 Cetera
1431 1822 1531 1858 veto,
1567 1832 1646 1866 quae
1687 1818 1848 1862 praefatus
1891 1818 2047 1853 Dominus

1286 1869 1433 1904 Marchio
1456 1881 1512 1916 per
1538 1869 1743 1914 conceffionem
1779 1868 1912 1904 Domini
1947 1867 2048 1913 Isacbi

1287 1920 1436 1966 Episcopi
1455 1919 1521 1961 fibi
1548 1921 1702 1966 pertinere
1740 1921 1888 1962 dicebat,
1929 1931 2045 1965 nequa-

1284 1984 1377 2018 quam
1416 1970 1586 2017 adipsum
1620 1970 1762 2015 spefiare
1809 1969 2044 2015 proponebant,

1284 2022 1376 2055 immo
1399 2021 1523 2065 prorsus
1559 2022 1734 2068 negabant.
1773 2023 1934 2054 Praeterea
1968 2021 2042 2052 ver&

1281 2071 1419 2118 praefati
1444 2076 1469 2106 S
1473 2071 1570 2106 indici
1595 2071 1745 2106 ‚Adriani
1778 2081 1883 2103 nemus
1904 2068 2041 2114 petitum

1284 2137 1343 2157 non
1370 2120 1426 2167 effe
1452 2122 1672 2165 Marcbionis,
1705 2120 1762 2164 sed
1786 2131 1853 2152 eum
1880 2131 1985 2153 nemus
2005 2119 2041 2163 se

1281 2184 1338 2217 per
1364 2174 1507 2208 Feudum
1532 2175 1642 2208 habere
1667 2173 1708 2206 ab
1734 2169 1885 2216 Episcopo
1910 2169 2040 2215 praedi-

1284 2223 1328 2257 fii
1352 2225 1579 2269 proponebant.
1618 2224 1664 2257 Et
1689 2221 1765 2267 quia
1791 2223 1958 2253 Commune
1984 2222 2039 2254 A-

1283 2274 1392 2308 driani
1417 2276 1492 2310 dare
1511 2274 1631 2319 solebat
1663 2269 1836 2318 praediHis
1876 2270 2039 2303 Marcbio-

1284 2324 1376 2359 nibus
1402 2339 1497 2360 unum
1521 2323 1641 2369 pastum
1680 2332 1734 2365 per
1755 2320 1895 2366 singulos
1920 2333 2039 2364 annos,

1284 2374 1329 2413 ὅ]
1356 2377 1436 2411 duas
1462 2375 1625 2420 amphoras
1651 2372 1746 2415 vini,
1783 2370 1830 2409 ὡ*
1857 2383 1944 2405 canes
1960 2397 1971 2414 ‚
2008 2384 2040 2404 e-

1284 2439 1383 2472 quos,
1420 2425 1467 2465 &³
1502 2425 1580 2459 retia
1619 2424 1661 2458 ad
1687 2424 1770 2458 illud
1805 2434 1911 2456 nemus
1934 2431 2041 2467 porta-

1284 2478 1381 2516 bant,
1409 2476 1456 2515 &³
1481 2486 1577 2511 cetera
1597 2474 1735 2518 servitia
1752 2502 1761 2517 ,
1801 2486 1878 2520 quae
1918 2473 1963 2506 eis
1985 2482 2043 2516 pro

1284 2528 1349 2572 ipso
1376 2541 1491 2562 nemore
1525 2526 1627 2572 faeere
1667 2525 1847 2569 faciebant,
1889 2523 2043 2607 nondalia

1972 2585 1987 2605 6
