2279 3006
471 208 521 249 35
612 194 618 198 ’
741 191 1177 248 ΑΝΤιρυιΤ.
1224 191 1472 235 ΜΕυιι
1517 191 1709 235 AEVJ
1924 204 1978 254 36

412 277 435 294 ‚,
463 265 527 287 nec
555 250 599 286 de
632 264 753 287 eorum
782 251 909 285 ovibus
946 264 1006 297 pro
1037 250 1169 294 pascuis

413 327 437 345 „
465 301 719 338 discurenribus
751 301 938 336 pontatico
966 313 1029 336 nec
1056 304 1170 351 Agra-

412 378 437 395 „
465 353 519 387 rio
546 366 615 387 non
642 352 831 389 exaFtetis',
857 349 913 385 sed
939 363 1002 386 nec
1026 352 1066 386 ad
1095 366 1168 388 am-

412 428 436 447 „
465 404 656 438 bulandum
673 412 731 437 aut
752 400 994 437 revertendum
1015 416 1076 450 pro
1096 403 1168 452 ipsa

411 479 437 498 ‚,
466 453 587 501 pascua
623 454 673 489 eis
701 451 983 487 contrarietatem
1020 466 1088 488 non
1118 453 1168 489 fa-

413 529 437 548 „
467 505 594 542 ciatis,
632 503 692 540 nisi
725 501 808 537 ficut
833 501 869 536 in
901 503 1011 538 nostra
1037 505 1169 540 elemo-

412 581 436 599 ,‚
464 555 533 590 fina
571 553 683 601 ipsum
721 551 925 588 beneficium
955 553 996 589 ad
1035 556 1170 600 praedi-

410 631 434 649 „
462 605 517 641 &a
553 603 706 641 Ecclesia
739 603 986 646 cmzceffimus,
1023 604 1073 640 ita
1112 606 1170 641 ab·

408 681 433 700 ‚,
464 657 542 703 sque
586 655 694 690 ullius
729 654 942 695 repetitione
979 655 1099 691 nostris
1137 657 1170 691 &

411 732 435 750 „
466 705 593 741 futuris
625 705 839 753 temporibus·
867 705 909 740 ad
947 704 1172 752 ipsum-Mo-

413 783 436 801 „
465 755 651 791 misterium
679 755 905 800 perduretur.
939 757 987 791 Et
1016 766 1055 792 ut
1089 756 1171 793 haec

414 833 438 852 ‚‚
468 806 659 842 austeritas
684 805 820 842 firmior
843 807 1031 846 habeatur,
1056 809 1112 843 vel
1133 808 1170 844 in

411 883 436 902 ‚,
465 866 565 892 antea
605 855 727 892 melius
760 856 1004 900 conservetur,
1041 857 1082 893 de
1110 871 1170 894 an-

412 934 436 952 „
467 908 550 942 nulo
579 907 690 944 nostro
716 905 835 943 subtus
865 906 1016 956 sigillare
1041 907 1172 945 studui-

412 984 437 1002 „
465 971 564 994 mus.

1332 278 1356 295 ,,
1383 251 1531 298 Signum
1561 253 1802 290 carlomanno
1836 255 2038 304 glorioliffi-

1283 328 1308 346 „
1335 315 1394 337 mo
1423 304 1534 350 Rege.

1334 379 1357 397 „
1386 351 1605 401 Maginarius
1632 354 1840 401 recognovi.

1332 430 1356 446 ‚,
1388 405 1477 438 Data
1502 402 1539 438 in
1567 403 1687 438 Mense
1709 404 1872 441 OEiobris
1898 406 1935 442 in
1962 409 2036 442 An·

1281 479 1305 497 ‚,
1333 466 1379 488 no
1418 454 1536 488 Primo
1564 454 1802 491 Carlomanno
1835 457 2037 505 gloriosxffi·

1284 529 1308 548 ‚,
1335 517 1393 539 mo
1423 506 1538 552 Rege.

1332 581 1357 597 „
1386 553 1517 590 Astum
1533 554 1797 597 Codmoniaco,
1815 557 1952 593 Palatio
1973 572 2036 606 pu-

1282 631 1304 648 „
1334 604 1450 646 blico,
1478 605 1516 640 in
1545 605 1612 640 Dei
1641 605 1782 641 nomine
1809 607 1984 644 feliciter.

1331 656 1498 690 Alterum
1535 654 1682 703 ejusdem
1723 658 1827 705 Regis
1870 659 2037 701 Diploma

1281 704 1403 740 addere
1431 705 1507 742 heic
1545 706 1662 753 juvat,
1699 719 1761 753 pro
1796 706 1870 754 ipso
1907 710 2036 742 Mona-

1280 755 1380 792 sterio
1403 755 1665 795 Novalicienfi,
1691 756 1744 792 sed
1771 758 1941 793 erroribus
1964 757 2036 793 foe-

1281 807 1400 843 datum
1428 806 1650 849 innumeris,
1680 821 1767 854 quos
1796 808 1833 843 in
1864 808 2038 844 vetustum

1281 857 1526 903 descriptorem
1564 857 1774 906 rejiciendos
1801 857 2037 905 unusquisque

1281 907 1450 943 fatebitur
1477 935 1488 944 .
1537 910 1613 957 Ego
1664 908 1758 944 nihil
1803 908 2035 945 immutatum

1283 958 1409 993 volui.

440 1074 622 1131 Ejusdem
646 1074 906 1118 Carlomanni
940 1080 1179 1121 Francorum
1212 1076 1333 1132 Regis
1365 1075 1578 1133 Diploma‚
1608 1090 1675 1132 per
1704 1075 1807 1132 quod
1831 1073 2010 1117 Afinario

529 1133 675 1178 Abbati
711 1136 939 1177 Monasterii
972 1137 1253 1179 Novalicienfis
1282 1136 1581 1185 immunitates,
1611 1135 1716 1189 jura,
1746 1149 1790 1176 ac
1821 1135 1923 1176 bona

700 1206 879 1249 quaeque
907 1194 1140 1236 confirmat.
1174 1199 1294 1236 Anno
1322 1197 1397 1234 Ch.
1430 1202 1527 1248 769.
1557 1205 1626 1235 aut
1658 1209 1758 1250 770.

511 1316 746 1352 Arlomannus
762 1316 872 1363 gratia
890 1316 954 1351 Dei
969 1318 1044 1351 Rex
1061 1318 1169 1351 Fran·
1196 1318 1242 1351 'C
1278 1315 1334 1357 seu
1360 1324 1521 1347 ceterorum
1548 1312 1734 1348 sanctorum
1757 1316 1913 1355 Panum,
1938 1311 2040 1355 prees-

531 1379 674 1410 corum,
704 1370 760 1402 Vir
787 1367 939 1408 illustris.
965 1371 1112 1413 Opportet
1138 1379 1171 1399 e·

412 1416 479 1447 nim
506 1416 685 1452 clementiae
715 1418 857 1462 Regale,
885 1428 921 1451 ut
948 1416 1169 1462 intercefforum

410 1464 575 1507 petitionis
609 1468 830 1502 Sacerdotibus
865 1469 974 1502 debeat
1011 1466 1171 1513 begnigna

413 1516 603 1549 accomodare
638 1530 767 1559 aurem=
806 1527 842 1551 ut
876 1519 958 1563 quod
990 1527 1045 1562 pro
1078 1516 1173 1549 timo-

413 1576 476 1598 rem
502 1566 613 1599 divini
641 1568 774 1601 nominis
802 1566 1001 1611 postulatur,
1036 1577 1171 1609 ponatur

409 1616 517 1661 procul
542 1616 675 1651 dubium
701 1619 745 1653 ad
779 1616 943 1661 effeHum,
980 1627 1015 1650 ut
1045 1615 1170 1660 fiatin

414 1667 576 1699 mercedem
617 1665 820 1707 conjunc‘lio.
865 1666 940 1699 dum
979 1677 1032 1710 pro
1071 1667 1174 1714 quiete

407 1713 571 1759 servorum
599 1715 662 1748 Dei
691 1728 825 1760 congrua
851 1716 1057 1759 praestolatur
1089 1717 1170 1764 peti—

1278 1364 1312 1409 se
1346 1362 1563 1408 dignoscitur,
1602 1361 1692 1405 miffa
1724 1361 1876 1403 petitione
1910 1360 2040 1393 clemen-

1283 1414 1347 1448 tiae
1374 1411 1490 1455 nostre,
1516 1422 1572 1455 pro
1598 1411 1732 1457 quietem
1767 1409 1901 1454 ipsorum
1928 1408 2041 1452 servo-

1286 1478 1353 1499 rum
1389 1463 1478 1501 Dei,
1512 1461 1753 1508 praeceptionem
1787 1457 1909 1504 vigoris
1947 1457 2042 1499 nostri

1283 1513 1405 1559 placuit
1427 1513 1592 1559 propalare
1603 1525 1622 1554 ;
1636 1511 1696 1554 sub
1720 1522 1778 1556 quo
1804 1507 2041 1555 tranquilitatis

1286 1565 1413 1605 ordine,
1444 1562 1576 1598 Domino
1601 1569 1776 1607 protegente
1804 1559 1863 1606 ipfi
1890 1557 2043 1592 Monachi

1286 1615 1381 1659 iuxta
1417 1612 1598 1659 Religionis
1635 1623 1772 1644 normam
1806 1609 1947 1655 perpetui
1980 1621 2043 1643 va-

1286 1667 1375 1700 leant
1399 1663 1548 1705 residere,
1574 1662 1742 1708 elegimus,
1770 1671 1806 1693 ut
1831 1659 1923 1693 unica
1946 1658 2042 1702 series

1286 1718 1399 1751 debeat
1431 1714 1553 1761 plem'us
1578 1712 1758 1749 declarare,
1795 1710 1869 1754 quia
1895 1708 1980 1742 nihil
2004 1709 2041 1742 de

414 1764 481 1806 ‘5⁰’
509 1765 585 1810 quia
610 1764 695 1809 fide-5
729 1763 864 1811 perfeft'a
891 1780 950 1801 non
977 1768 1104 1802 dubitat
1130 1769 1175 1802 ad
1216 1768 1260 1800 D,
1288 1766 1447 1801 Canonica
1475 1763 1671 1803 institutione
1698 1759 1911 1800 convellitur,
1948 1758 2042 1804 quid-

414 1815 578 1860 Ali-'ffimi
613 1816 753 1861 gratiam
792 1817 974 1862 pertinere,
1010 1820 1091 1864 quod
1120 1818 1171 1862 Je—

415 1867 551 1898 condam
581 1866 669 1909 sacro
695 1867 841 1913 colloquio
866 1869 1024 1912 praecipui
1048 1869 1092 1903 ad
1116 1869 1172 1902 do-

417 1915 547 1956 mesticis
576 1915 660 1959 fidei
685 1918 801 1951 devota
827 1929 925 1952 mente
961 1919 1172 1963 impenditur,

415 1965 492 2011 quia
513 1965 665 2010 scriptum
692 1970 760 2009 est:
787 1969 883 2004 Beati
913 1983 1075 2018 pauperes
1104 1969 1172 2016 spi-

417 2014 511 2054 ritu,
549 2017 717 2063 quoniam
755 2017 903 2066 ipsorum
933 2020 977 2056 est
1014 2023 1172 2065 Regnum

418 2067 636 2102 coelorum.
672 2071 759 2115 Ergo
794 2072 867 2104 dum
894 2071 940 2109 ἔφ’
967 2071 1072 2106 Abho
1110 2084 1173 2105 una

417 2129 483 2149 curn
525 2117 665 2162 consensu
706 2119 752 2157 (ἐν
792 2122 983 2156 adiutorium
1021 2120 1172 2157 Valcuni

418 2165 610 2214 Episcopi,
645 2170 857 2207 Monasterio
894 2172 928 2206 in
964 2175 1072 2206 honore
1098 2171 1173 2207 bea-

417 2227 516 2251 torum
542 2219 761 2263 Apostolorum
799 2222 888 2256 Petri
923 2223 968 2256 (9⁶
994 2224 1146 2257 Andreae
1162 2250 1172 2266 ,

412 2268 468 2313 seu
494 2280 656 2304 ceterorum
690 2273 899 2311 san‘lorum,
936 2275 969 2306 in
1004 2273 1065 2307 loco
1092 2288 1172 2308 nun-

420 2329 550 2367 cupante
589 2321 775 2357 Novalicis
803 2323 838 2358 in
868 2324 973 2358 Valle
1001 2323 1175 2371 Sigufina‚

420 2369 454 2404 in
479 2370 682 2416 proprietatis
703 2373 780 2416 suae
805 2374 869 2415 visi
903 2374 975 2416 sunt
1000 2373 1175 2419 edificasse,

421 2420 475 2454 ubi
501 2420 545 2453 ad
577 2420 720 2466 praesens
754 2426 946 2460 venerabilis
971 2425 1026 2459 vir
1056 2424 1177 2460 Afina-

421 2468 493 2505 rius
514 2470 633 2505 Abbas
660 2485 722 2506 una
749 2486 815 2506 cum
835 2476 1080 2521 congregatione
1100 2478 1175 2508 Mo-

421 2522 585 2558 nacborum
605 2522 666 2568 sub
691 2524 820 2571 Regula
844 2524 960 2560 Sanc‘li
986 2524 1176 2568 Benedic‘li,

1288 1818 1365 1864 quid
1391 1817 1433 1850 ad
1458 1813 1627 1856 domesticis
1643 1811 1728 1857 fidei
1751 1821 1808 1855 pro
1833 1808 2042 1853 tranquilita-

1287 1869 1331 1903 tis
1368 1878 1439 1910 pace
1479 1864 1678 1903 concidetur,
1720 1874 1759 1895 ne
1797 1858 1884 1893 nobis
1925 1857 2042 1904 aliquis

1287 1917 1510 1953 detrahendum
1544 1914 1663 1957 estimet
1697 1911 1730 1944 in
1768 1910 1801 1943 id
1832 1923 1914 1943 nova
1939 1912 2040 1962 decer·

1288 1982 1360 2003 nere
1396 1966 1536 2002 carmina
1559 1992 1570 2008 ‚
1611 1965 1686 1998 dum
1726 1960 1902 2006 antiquitus
1945 1967 2041 2000 Juxta

1287 2018 1531 2061 constitutionem
1576 2012 1762 2055 Pontificum
1798 2020 1854 2052 per
1887 2008 2041 2065 Regalem

1280 2068 1474 2115 sanslionem
1497 2065 1688 2103 Monasteria
1706 2057 1950 2115 Saniorum-m
1972 2061 2039 2116 Re-

1281 2134 1346 2168 gno
1373 2119 1469 2156 nostro
1495 2117 1550 2158 suh
1575 2111 1730 2150 libertatis
1754 2112 1959 2154 privilegium
1982 2122 2038 2142 vt-

1285 2172 1398 2206 dentur
1424 2167 1596 2210 consistere,
1622 2165 1715 2198 etiam
1735 2160 1777 2193 (J
1804 2159 1857 2200 tfle
1878 2159 1921 2193 ad
1945 2171 2040 2204 prae-

1256 2246 1260 2258 .
1281 2221 1379 2265 sens,
1416 2221 1593 2259 adiuvante
1618 2212 1772 2248 Domino,
1807 2212 1918 2243 valeat
1944 2207 2040 2249 confi-

1256 2260 1259 2268 Ι
1288 2273 1383 2309 (tere.
1412 2273 1459 2305 Et
1485 2279 1520 2303 ut
1545 2265 1659 2307 adsolet
1685 2262 1823 2296 bumana
1844 2260 2040 2305 fragilitas,

1289 2322 1537 2366 quandoquidem
1561 2315 1720 2352 Abbatem
1747 2312 1786 2345 de
1823 2310 1885 2368 ipso
1925 2312 2043 2366 Mona-

1282 2372 1374 2414 sterio
1399 2373 1437 2405 de
1464 2372 1520 2404 bae
1542 2369 1606 2402 luce
1634 2364 1786 2399 Dominus
1813 2374 1946 2407 migrare
1972 2359 2041 2404 Jus-

1282 2423 1384 2467 serit,
1421 2421 1510 2464 cujus
1530 2424 1569 2452 de
1607 2415 1675 2461 ipsa
1701 2412 1948 2469 Congregatione
1975 2424 2044 2446 ma-

1287 2474 1369 2507 xime
1404 2481 1583 2516 compertum
1621 2467 1766 2512 Regulne
1792 2464 1838 2503 ά*
1864 2472 1954 2497 vitae
1979 2474 2044 2495 me-

1291 2524 1363 2558 ritis
1389 2530 1599 2571 congruentem
1635 2517 1704 2565 ipsa
1740 2513 1955 2569 Congregatio.
1984 2511 2046 2545 ele·

1884 2571 1990 2610 gerit,
