2279 3006
246 220 300 268 33
595 189 959 250 DISSERTATJO
990 200 1397 246 DECIMANONA.·
1691 210 1748 262 ⁷34

189 267 338 304 tornensi
366 265 553 302 Coenobio
580 279 656 314 pag.
682 271 767 311 464.
789 265 881 298 Part.
893 264 939 298 ΙΙ.
976 263 1010 298 A

189 319 297 353 Tomi
322 317 348 352 Ι.
375 320 453 352 Rer.
476 317 628 353 Italicar.
653 315 801 363 legitur:
834 316 942 359 Neque

187 368 396 403 Placiaticum
434 368 446 414 (
469 381 530 415 pro
556 366 707 413 Platea)
748 364 941 398 Portaticum

187 416 277 465 (pro
303 417 443 465 Portis)
473 418 676 453 Pontanicura
706 414 794 462 (pro
817 414 941 449 Ponti-

188 468 276 516 bus)
289 468 465 513 Casaticum
480 468 557 513 (pro
575 465 761 512 Domibus)
780 465 941 511 quisquam

189 518 300 561 bomo,
336 528 393 554 aut
429 519 571 564 publicae
606 516 651 550 rei
683 515 806 549 exaffor
831 515 937 548 tollere

188 578 246 603 aut
271 569 391 613 exigere
415 569 613 615 praesumat.
654 565 694 601 In
724 564 941 613 Diplomatis

189 621 274 654 vero
302 621 512 654 francorum
548 615 780 664 Augustorum
811 628 943 649 memo-

189 677 264 704 rata
301 668 404 703 video
445 667 644 705 Rotaticum,
680 667 942 703 Pulveraticum,

189 721 218 752 C
220 718 412 763 espitaticmn
423 745 431 758 ,
449 717 675 761 Exclufiztt‘cum
685 741 695 756 ‚
715 716 922 751 Nauratfccem
933 740 942 754 ‚

190 769 405 808 Roliaticum,
435 768 662 806 Modiaticum,
684 767 860 805 Viuit-mn,
880 770 943 800 Sa-

190 819 355 853 lutaticum
380 844 390 858 ‚
431 819 635 852 Tranaticum
660 841 670 856 ‚
710 818 910 850 Coenaticum
932 841 942 855 ,

190 870 370 902 Foraticum
396 893 406 907 ,
447 867 637 903 Mutaticum
653 891 663 906 ,
707 867 917 901 Laudaticum
934 891 942 906 ,

189 917 327 964 aliaque
355 917 592 967 Ve8igalium
621 927 682 953 aut
709 918 942 952 Tributorum

188 966 323 1015 hispida
352 969 517 1010 nomina,
556 981 643 1015 quae
671 968 782 1003 libens
813 977 944 1015 praete-

189 1030 270 1062 teo,
311 1018 404 1066 quod
445 1018 616 1058 nesciam,
657 1032 700 1054 an
737 1018 774 1054 in
804 1019 945 1054 Italiam

1049 261 1188 297 invecta
1223 275 1375 309 unquam
1412 261 1567 298 fuerint.
1607 265 1711 300 Certe
1739 270 1804 301 Pa-

1042 312 1198 356 scuarium
1218 312 1369 361 vectigal
1392 312 1460 348 fuit
1481 312 1581 348 Fisco
1607 314 1804 362 persolven-

1048 362 1160 404 dum.
1202 375 1310 409 neque
1345 362 1535 403 dissimile,
1576 373 1616 399 ut
1657 378 1735 401 reor
1761 368 1802 403 ab

1049 412 1190 456 Escatiso
1217 422 1276 447 aut
1303 413 1491 458 Herhaeim,
1522 414 1568 449 ob
1596 415 1804 453 animalium

1050 461 1216 510 pasturam
1257 462 1293 497 in
1332 464 1449 511 Regiis
1485 466 1706 505 nemoribus,
1744 476 1806 504 aut
1828 469 1835 475 ‘

1050 512 1168 548 census
1195 512 1339 548 domino
1367 513 1482 559 sylvae
1507 514 1723 564 pendendus.
1747 520 1803 553 A-

1046 564 1151 609 grarii
1177 575 1315 610 quoque
1343 565 1474 601 mentio
1495 566 1561 604 est,
1590 580 1713 615 nempe
1739 568 1805 604 tri-

1051 613 1129 648 buti
1155 612 1211 649 seu
1240 613 1376 652 census,
1413 616 1597 662 persoluti,
1639 627 1680 654 ut
1705 617 1804 654 vide-

1051 672 1133 703 tur,
1169 677 1188 699 a
1226 662 1418 699 pastoribus
1459 667 1502 701 ob
1528 666 1651 703 ovium
1680 668 1802 718 pascue

1051 713 1089 749 in
1117 714 1207 763 agris
1236 714 1385 762 publicis
1421 725 1481 750 aut
1514 717 1681 764 privatis,
1718 719 1802 756 dum

1051 777 1106 799 eas
1134 765 1254 800 itineri
1283 767 1391 812 longo
1418 769 1703 805 committerent.
1732 772 1804 805 Ve-

1052 814 1192 862 &igalis
1219 825 1279 850 aut
1305 815 1431 849 Oneris
1467 814 1558 854 istius
1594 820 1730 855 mentio
1757 819 1803 856 est

1053 864 1089 900 in
1118 864 1336 912 subsequenti
1366 865 1586 912 Diplomate‚
1612 869 1707 918 quod
1735 870 1804 907 mi·-

1052 914 1089 950 hi
1119 915 1321 963 procuravit
1349 915 1514 950 bonarum
1543 919 1738 957 Literarum
1768 934 1804 956 a·

1054 965 1286 1001 mantissimus
1314 965 1446 1001 Comes
1473 968 1672 1006 Ludovicus
1705 970 1805 1007 Cais-

1052 1015 1191 1061 sottus,
1232 1019 1375 1052 Senatus
1403 1017 1621 1056 Taurinenfis
1650 1021 1804 1057 Praeses.

256 1133 492 1178 Immunitas
522 1150 544 1177 a
576 1134 737 1191 publicis
766 1132 1034 1189 Veffigalibas
1065 1132 1234 1176 concefl‘a
1266 1131 1491 1175 hominibus
1524 1135 1746 1180 Monasterii

477 1195 758 1237 Novalicienfis
789 1209 811 1234 a
843 1193 1112 1233 carlomanno
1142 1195 1381 1233 Francorum
1415 1194 1525 1247 Rege

703 1256 826 1292 Anno
857 1251 932 1291 Ch.
966 1253 1062 1304 768.
1093 1261 1160 1290 aut
1192 1257 1289 1304 769.

183 1398 210 1463 Ξῖ
350 1422 560 1453 Francorum
575 1447 584 1462 ,
602 1421 667 1453 Vir
683 1419 825 1454 illustris
838 1447 847 1463 ,
865 1433 942 1454 om—

184 1495 208 1513 „
235 1471 338 1503 nibus
375 1468 556 1516 Episcopis
573 1494 582 1508 ,
611 1470 836 1509 Abbatibus,
865 1469 940 1505 Co—

182 1545 207 1564 „
236 1518 384 1554 mitibus
407 1547 416 1563 ,
460 1520 614 1554 Vicariis
635 1544 645 1559 ‚
687 1520 909 1555 centenariis
930 1545 940 1559 ,

181 1596 206 1613 „
237 1570 291 1603 vel
328 1583 449 1604 omnes
486 1570 608 1605 Missos
645 1569 774 1605 nostros
812 1571 939 1616 ubique

181 1646 206 1665 3,
233 1619 514 1655 discurentibus.
552 1620 645 1656 Illud
682 1620 776 1656 enim
808 1624 848 1656 ad
878 1620 939 1655 sta—

182 1696 207 1714 „
236 1670 411 1704 biliratem
468 1670 578 1719 Regni
624 1670 728 1706 nostri
774 1670 939 1719 proficere

181 1746 207 1764 „
235 1721 432 1758 credimus,
473 1719 496 1754 fi
537 1721 571 1756 id
608 1721 701 1769 quod
739 1721 937 1757 Sacerdotes

182 1794 208 1812 ‚,
236 1783 293 1814 per
329 1770 628 1817 opportunitatem
667 1772 805 1807 auribus
842 1774 937 1808 Sere-

183 1844 208 1864 „
237 1818 360 1853 nitatis
388 1821 516 1856 nostrae
543 1821 787 1871 suggesserint,
824 1822 937 1858 liben-

183 1893 208 1911 ‚,
235 1867 265 1903 ti
291 1869 409 1904 animo
433 1872 733 1915 obtemperamus,
758 1871 795 1908 ἃ
822 1873 862 1908 ad
888 1872 937 1908 ef-

183 1944 209 1962 „
236 1917 362 1953 feftum
387 1922 622 1965 perducimus.
643 1923 757 1971 Igitur
776 1924 935 1958 omnium

183 1994 209 2012 „
236 1967 392 2003 fidelium
413 1971 599 2008 nostrorum
617 1974 823 2022 magnitudo
841 1988 936 2009 com-

184 2044 209 2062 „
237 2018 374 2066 periat,
411 2021 561 2066 qualiter
587 2037 648 2060 nos
680 2038 742 2071 pro
770 2025 936 2060 mercedis

183 2095 208 2113 ‚,
236 2068 368 2104 nostrae
404 2080 625 2117 augmentum
653 2075 774 2109 taliter
801 2074 842 2109 ad
879 2088 938 2123 pe-

183 2143 209 2164 „
237 2119 401 2155 titionem
433 2122 624 2157 venerabili
648 2124 717 2160 viri
742 2128 863 2160 Domno
881 2129 936 2160 A-

183 2196 208 2215 „
230 2169 353 2211 finario
379 2172 507 2206 Abbati
541 2174 584 2207 ad
609 2175 691 2216 Casa
725 2175 840 2210 Sam‘li
875 2179 936 2210 Pe-

183 2246 209 2265 „
235 2221 280 2254 tri
323 2222 492 2256 Novalict‘o
537 2223 724 2264 Monasierii
771 2226 935 2261 conceffi-
961 2206 965 2277 l

183 2295 208 2314 ‚,
236 2283 312 2306 mus
330 2299 340 2315 ,
377 2282 415 2307 ut
442 2272 531 2307 infra
561 2275 677 2321 Regna
706 2275 781 2308 Deo
818 2277 934 2323 propi·
971 2279 999 2312 E

183 2345 210 2366 ‚,
237 2321 293 2356 cio
320 2322 457 2365 nostra,
495 2323 689 2371 ubicunque
725 2323 785 2371 ips-i
818 2325 933 2362 homi-

183 2394 210 2416 „
237 2384 295 2408 nes
322 2373 526 2409 Monasterii
555 2387 616 2422 pro
643 2375 713 2421 ejus
741 2375 932 2412 utilitatem

185 2445 211 2465 ‚,
237 2422 487 2470 negotiandum
532 2425 754 2472 perexerint‚
799 2436 857 2462 aut
893 2427 933 2463 de

184 2495 210 2514 ,‚
236 2486 456 2521 quocumque
492 2476 572 2510 loco
608 2476 740 2522 aliquid
777 2488 838 2523 pro
873 2491 932 2513 ne-

185 2545 211 2566 „
237 2522 424 2559 ceffitatem
453 2525 531 2574 ipsis
568 2526 753 2563 monachis
782 2527 932 2564 conferre
957 2563 961 2567 ,

285 2576 372 2608 Τωη.
400 2576 417 2608 Ι
419 2577 455 2611 V.

330 1374 550 1406 Arlammmus
596 1369 708 1416 gratia
757 1368 825 1404 Dei
867 1371 941 1404 Rex
965 1365 1015 1403 'C

1053 1395 1077 1413 ‚‚
1105 1369 1145 1404 ad
1175 1369 1249 1418 ipso
1280 1372 1519 1413 Monasterio,
1556 1383 1615 1411 aut
1641 1377 1805 1412 adducere

1051 1445 1075 1461 „
1103 1420 1289 1461 videntur,
1310 1424 1409 1459 nullo
1427 1425 1610 1460 Theloneo
1631 1440 1692 1460 nec
1715 1429 1804 1461 Pon-

1051 1495 1073 1511 „
1101 1471 1233 1510 mico,
1254 1482 1314 1507 aut
1334 1474 1403 1509 ulla
1425 1475 1634 1510 redibitione
1654 1476 1695 1510 de
1717 1476 1802 1514 hoc,

1051 1545 1074 1561 ,‚
1101 1520 1194 1565 quod
1216 1522 1333 1557 Fiscus
1352 1524 1463 1559 noster
1483 1524 1632 1568 recipere
1652 1527 1708 1561 vel
1731 1526 1803 1574 spe-

1051 1595 1073 1611 „
1101 1582 1174 1604 rare
1194 1580 1351 1617 poterat,
1372 1581 1442 1607 tam
1464 1573 1504 1607 de
1525 1575 1660 1614 Curru,
1681 1589 1804 1622 quam-

1051 1645 1074 1662 „
1101 1632 1167 1666 que
1203 1619 1244 1653 de
1281 1622 1419 1657 Saumas
1442 1650 1452 1665 ‚
1489 1622 1557 1659 sive
1592 1624 1634 1660 de
1672 1627 1803 1662 Navali

1052 1695 1074 1712 „
1105 1669 1291 1717 Remigio,
1328 1668 1367 1705 δεῖ
1402 1671 1495 1717 quod
1532 1673 1572 1706 ad
1609 1675 1705 1709 dorsa
1743 1675 1804 1711 usu.

1052 1745 1075 1762 „
1103 1718 1262 1755 homines
1287 1731 1505 1768 comportare
1533 1721 1717 1764 videntur,
1744 1734 1805 1761 aut

1051 1795 1074 1812 ‚‚
1103 1769 1143 1804 de
1168 1782 1287 1805 eorum
1315 1783 1458 1818 pecora,
1484 1773 1539 1807 vel
1566 1772 1607 1809 de
1631 1775 1804 1822 quibusli-

1053 1845 1077 1863 ‚,
1106 1820 1163 1855 bet
1193 1820 1297 1855 caulis
1326 1823 1447 1866 nulla,
1484 1832 1523 1857 ut
1548 1823 1730 1869 diximus,
1767 1839 1803 1861 e-

1054 1895 1077 1913 „
1104 1870 1209 1906 xinde
1238 1870 1368 1907 solvere
1395 1886 1457 1908 nec
1484 1873 1621 1909 reddere
1649 1888 1718 1910 non
1743 1874 1803 1910 de-

1053 1946 1076 1964 „
1105 1921 1234 1956 beant.
1275 1922 1458 1970 Propterea
1496 1937 1556 1971 per
1591 1924 1802 1972 praesentem

1052 1996 1075 2014 „
1103 1970 1348 2007 auetoritatem
1374 1973 1521 2008 nostram
1548 1974 1725 2021 jubemus,
1749 1986 1801 2012 at-

1051 2046 1074 2065 ,‚
1103 2035 1169 2069 que
1195 2022 1341 2057 omnino
1368 2024 1626 2072 praecipimus,
1656 2036 1696 2061 ut
1723 2028 1802 2062 nul-

1050 2097 1074 2115 „
1101 2074 1155 2107 lus
1182 2072 1348 2119 quislibet
1384 2074 1425 2110 de
1453 2074 1552 2110 vobis
1589 2085 1649 2110 aut
1675 2076 1716 2110 de
1741 2079 1801 2118 Ju-

1049 2147 1073 2165 „
1100 2122 1244 2158 diciaria
1281 2123 1470 2170 potestate,
1507 2124 1573 2160 five
1609 2125 1650 2159 de
1684 2125 1799 2162 Miffie

1049 2197 1072 2216 ‚,
1100 2172 1246 2211 nostris,
1274 2182 1313 2208 ut
1340 2174 1493 2211 diximus
1511 2200 1520 2215 ‚
1557 2174 1646 2224 ipsos
1683 2174 1799 2213 homi-

1050 2249 1072 2267 „
1100 2236 1158 2258 nes
1178 2234 1371 2260 memorato
1388 2226 1519 2261 Abbati
1534 2254 1542 2265 ,
1563 2224 1699 2272 ejusque
1715 2228 1798 2262 Suc-

1050 2298 1072 2317 „
1101 2274 1310 2318 celim-ibus,
1347 2275 1408 2323 qui
1445 2276 1486 2312 ad
1521 2276 1594 2323 ipso
1622 2276 1797 2312 Monaste-

1049 2349 1073 2369 „
1099 2324 1153 2360 rio
1181 2323 1375 2372 aspiciunt,
1403 2328 1525 2368 nullo,
1555 2335 1593 2360 ut
1620 2324 1798 2371 diximus.

1049 2400 1072 2419 „
1100 2375 1280 2415 Teloneo,
1305 2389 1367 2411 nec
1394 2374 1601 2417 Pontatioe,
1622 2374 1690 2411 five
1715 2378 1800 2413 Por-

1048 2449 1071 2468 ‚‚
1100 2425 1235 2466 ratim,
1272 2434 1333 2460 aut
1358 2424 1450 2471 quod
1485 2424 1522 2459 in
1551 2426 1713 2470 Saumas,
1742 2429 1799 2463 vel

1047 2500 1070 2519 ,‚
1099 2475 1135 2510 in
1163 2473 1258 2509 dorsa
1286 2483 1503 2522 comportare
1530 2474 1718 2516 videntur,
1746 2490 1799 2513 re-

1015 2539 1018 2562 2
1046 2553 1071 2571 „
1099 2524 1233 2572 quirere
1260 2537 1322 2560 nec
1351 2524 1508 2561 exafiare
1535 2534 1606 2561 non
1635 2526 1800 2567 faciatis,

1196 2577 1227 2609 t.
1632 2603 1657 2621 „
1683 2589 1746 2614 nec
