2279 3006
214 215 300 263 '109
549 202 913 248 DISSERTATIO
944 201 1353 247 DECIMANONA.
1654 220 1670 246 1
1686 220 1734 248 ιο

157 265 316 310 testificati
335 265 432 308 sum,
472 268 554 311 quod
580 272 700 299 contra
739 261 910 311 justiciam
955 267 987 301 Α
1028 262 1089 296 Ubi
1115 274 1207 308 quum
1235 263 1296 296 iter
1320 259 1518 305 diflaverx‘t,
1546 262 1698 297 Dominus
1721 266 1785 297 Im-

157 315 301 363 ospitati
344 314 507 358 fuerunt,
548 316 582 350 δε
623 326 692 349 non
734 312 826 348 recie
854 326 911 348 eos
1024 322 1148 358 perator
1189 313 1282 359 recipi
1321 314 1431 347 debeat
1454 323 1510 359 per
1529 312 1663 360 fingula
1690 313 1788 347 mini-

157 365 307 408 ospitare
335 365 475 401 debere.
512 367 653 409 Experto
687 377 722 398 ac
755 363 912 402 veritate,
1020 362 1142 403 steria.
1173 363 1233 396 Ubi
1259 362 1300 397 ab
1327 375 1360 396 eo
1385 361 1498 397 direJi
1525 364 1660 410 Legati.
1699 365 1787 398 Unde

158 409 319 460 Comitiffz
359 414 499 462 promtstt
520 443 530 459 ‚
580 415 615 459 se
649 413 696 448 ita
731 413 912 457 observare,
1028 411 1072 444 eis
1098 412 1362 453 amministrentur
1396 413 1538 460 obsequia
1565 414 1578 461 (
1604 413 1689 449 idest
1725 427 1786 449 ex-

159 466 202 499 &
228 465 390 501 omnibus
428 465 494 501 suis
532 463 703 501 Ministris
731 463 912 499 mandavit
1029 460 1151 509 pensae
1177 462 1218 496 ad
1248 461 1417 499 viaticum
1444 465 1478 498 &
1506 464 1668 512 tastum)
1698 465 1786 500 Unde

159 513 198 550 δε
219 517 306 550 dedit
331 527 524 564 preceptum,
553 527 739 563 numquam
762 515 912 560 amplius
1028 514 1266 547 Paraveredae.
1297 514 1348 547 De
1375 513 1429 549 his
1449 515 1564 550 crebra
1587 515 1721 551 mentio
1741 514 1786 550 est

159 578 206 599 eos
233 567 385 610 ospitare.
1028 560 1066 597 in
1094 560 1230 597 Codice
1257 563 1498 600 Theodofiano
1515 593 1525 608 ,
1551 567 1585 601 8<
1613 567 1650 601 in
1676 564 1787 613 Capi-

210 617 345 663 signum
373 631 501 653 manus.
537 619 625 651 EGO
659 617 919 651 COMITISSA
1029 612 1201 647 tularibus
1246 614 1379 661 Regum
1409 616 1644 652 Francorum.
1685 618 1786 651 Prae-

311 670 568 703 MATILDA.
1030 671 1122 698 terea
1151 676 1268 698 currus
1295 664 1337 698 ab
1365 664 1483 711 equis,
1522 676 1581 702 aut
1618 666 1738 702 saltem
1767 679 1787 702 a

209 717 313 763 Signa
353 732 500 753 manuum
536 716 670 751 Girardx'
707 719 746 750 de
779 715 915 759 Placia,
962 718 990 752 B
1031 713 1161 757 bobus,
1203 723 1242 748 ut
1268 713 1423 761 opinor,
1465 717 1674 761 trahendos,
1702 730 1787 752 con-

158 768 329 808 Rolamlo,
371 769 580 811 Manfredus‚
621 766 825 813 Segnoreffi,
852 769 915 801 Go-
1030 762 1118 799 ferre
1144 764 1330 812 oportebat
1369 764 1408 799 in
1448 764 1538 803 idem
1574 781 1684 816 opus.
1729 767 1788 803 Ab

158 819 257 851 sberto
292 822 330 852 de
356 819 554 857 Miliarina‚
589 819 741 862 Λίίτεζο,
769 818 916 864 Alegro.
1030 813 1230 862 hujusmodi
1266 827 1371 849 onere
1406 826 1511 861 quum
1549 816 1582 853 se
1608 818 1784 854 immunes

158 868 238 901 -Alii
264 869 429 912 interfuere
455 869 563 910 testes.
1031 864 1128 911 (qua
1156 864 1197 899 de
1225 863 1340 899 caussa
1369 864 1507 913 nescio)
1535 870 1787 905 contenderent

209 919 280 963 Ego
306 922 376 952 Ato
401 919 552 953 Notarius
571 917 704 963 scrihere
742 918 917 964 postraa'ita
1030 914 1164 950 Clerici
1204 914 1446 951 Cremonenfis
1484 917 1679 962 Dioeceiis,
1721 930 1787 954 tam

156 967 310 1009 complevi
336 970 378 1001 (9⁶
403 970 501 1005 dedi.
1029 968 1067 1000 de
1093 965 1266 1005 Plebibus,
1303 965 1370 1001 hoe
1397 965 1442 1000 est
1468 966 1508 1001 de
1535 970 1692 1006 Ecclefiis
1723 972 1786 1005 Pa—

211 1018 332 1064 Nuper
378 1017 415 1053 in
458 1018 607 1055 formula
649 1018 816 1055 Marculfi
846 1032 918 1054 me·
1029 1015 1265 1060 rochialibus,
1293 1016 1365 1052 ruri
1393 1015 1487 1060 fitis,
1515 1031 1661 1067 quamque
1686 1021 1728 1054 (9⁶
1747 1022 1786 1054 de

158 1077 312 1102 moratos
339 1068 494 1105 vidimus
531 1072 662 1104 Veredos
687 1068 734 1107 &-
774 1074 917 1105 Parave—
1029 1067 1193 1110 oraculis,
1222 1068 1279 1102 vel
1306 1068 1481 1112 oratoriis,
1510 1067 1573 1104 hoc
1599 1071 1642 1106 est
1662 1072 1784 1106 Eccle-

158 1123 262 1153 redos.
308 1120 353 1154 Et
399 1119 464 1155 hoc
504 1120 598 1156 inter
634 1121 773 1169 publica
814 1133 917 1155 onera
998 1116 1084 1155 ‚siis
1120 1130 1191 1153 non
1234 1117 1524 1165 baptismalibus,
1567 1121 1604 1155 ad
1650 1120 1785 1158 Lotha-

157 1180 250 1203 nunc
296 1168 384 1204 mihi
431 1172 728 1207 enumerandum.
772 1171 918 1206 Scilicet
944 1175 988 1216 'C
1027 1167 1120 1202 rium
1157 1169 1185 1201 I.
1221 1167 1471 1215 Imperatorem
1517 1167 1589 1205 suas
1628 1173 1782 1220 querelas

158 1217 252 1253 hisce
288 1219 433 1255 vocibus
460 1231 531 1256 tam
561 1222 641 1267 equi
678 1221 917 1267 designantur,
942 1224 945 1280 j
1027 1229 1066 1252 ac
1095 1229 1209 1264 preces
1237 1217 1412 1260 detulere,
1449 1219 1562 1255 eidem
1591 1220 1783 1270 significan-

157 1267 196 1302 in
233 1268 358 1314 quibus
396 1271 596 1316 equitatur,
634 1271 739 1316 quam
777 1269 838 1316 qui
876 1268 945 1321 ad!
1026 1276 1077 1302 tes
1104 1267 1282 1311 Parafteda
1320 1269 1442 1316 (idem
1472 1270 1517 1306 est
1545 1285 1583 1307 ac
1610 1276 1786 1308 Paravere—

157 1316 306 1353 sarcinas
343 1318 539 1354 deferendas
577 1319 753 1354 necessarii
792 1328 916 1361 erant,
1024 1318 1088 1363 di)
1117 1317 1163 1353 (ῥ’
1190 1331 1278 1352 carra
1304 1321 1347 1353 ad
1371 1323 1535 1356 cameram
1560 1325 1785 1366 deportandam

159 1380 246 1414 quos
285 1369 519 1415 provinciales
555 1369 772 1415 suppeditare
813 1379 915 1414 coge·
1026 1364 1087 1401 fibi
1125 1366 1248 1416 injuste
1288 1368 1387 1405 fuiss‘e
1424 1382 1587 1408 extorta.
1629 1375 1783 1409 Contro—

158 1417 284 1450 bantur
312 1418 422 1464 Regi,
450 1416 588 1464 ejusque
614 1416 827 1457 comirivae,
856 1426 916 1451 aut
1027 1416 1168 1453 verfiam
1197 1418 1294 1454 istam
1325 1420 1395 1468 post
1424 1432 1599 1458 maturum
1639 1435 1784 1458 examen

157 1463 274 1500 Miffis
304 1465 449 1510 Regiis,
478 1476 537 1502 aut
565 1466 796 1511 Comitibus,
834 1467 914 1502 alii·
1025 1465 1240 1503 diremerunt
1291 1471 1480 1507 Rufi'taldus
1523 1471 1605 1506 sacri
1656 1472 1786 1508 Palatii

156 1514 238 1562 sque
276 1515 503 1564 Reipublicae
539 1516 740 1559 Ministris,
776 1517 915 1565 quoties
1026 1517 1258 1563 Capellanus‚
1294 1522 1480 1556 Maur-inus
1516 1520 1648 1557 Comes
1687 1523 1785 1558 Pala-

155 1564 346 1601 ineundum
388 1576 461 1602 erat
489 1565 630 1614 aliquod
668 1567 756 1604 iter.
794 1567 915 1604 Ludo·
1026 1566 1093 1609 tii,
1121 1567 1155 1601 &
1184 1567 1357 1616 Adalgius
1385 1569 1537 1611 Comes,
1575 1581 1615 1607 ut
1641 1585 1683 1608 ex
1711 1573 1785 1621 eju-

155 1616 256 1652 vicus
294 1618 340 1652 ΙΙ.
385 1617 556 1664 Augustus
598 1617 635 1652 in
674 1618 846 1654 mandatis
874 1617 915 1653 ad
943 1623 989 1663 ‘D
1027 1617 1117 1652 sdem
1169 1618 1336 1654 Lotharii
1382 1620 1588 1668 Diplomate
1629 1623 1784 1671 patebit,

156 1667 333 1714 Legatos,
363 1668 454 1702 Part.
477 1669 521 1703 11.
550 1668 660 1704 Tomi
689 1668 716 1705 I.
747 1671 823 1705 Rer.
842 1668 916 1705 Ita·
1027 1667 1118 1714 quod
1146 1680 1164 1702 e
1207 1669 1350 1717 Regesto
1391 1671 1609 1720 Episcopalis
1654 1673 1782 1709 Palatii

157 1715 256 1752 licar.
293 1729 370 1765 pag.
402 1728 483 1763 159.
511 1718 759 1767 inquirendum
796 1720 913 1769 jubet:
992 1718 1266 1755 lCremonenfis
1293 1718 1472 1768 descripsi.

162 1824 373 1868 Letharius
405 1829 436 1869 I.
469 1831 685 1885 Imperator
728 1829 903 1873 Clericos
944 1829 1135 1872 Dioecefis
1167 1831 1438 1872 Cremonenfis
1484 1846 1788 1889 conquerente5‚

279 1885 384 1940 quod
417 1887 611 1942 parafreda
653 1892 692 1931 δε
735 1905 863 1931 currus
896 1889 1079 1947 praestare
1125 1888 1248 1930 can‘ti
1280 1888 1432 1932 fuiffent
1477 1892 1524 1934 ad
1556 1891 1672 1934 servi-

392 1944 490 1988 tium
515 1950 705 1990 Gamerae
729 1949 967 2004 Imperialis,
989 1946 1091 1990 saffli
1111 1947 1359 2004 inquisitione
1379 1947 1570 2005 justitiae,

517 2008 565 2047 ab
591 2007 811 2062 hujusmodi
834 2023 950 2050 onere
971 2005 1164 2061 absolvit,
1192 2009 1314 2049 Anno
1343 2011 1440 2064 835.

211 2119 248 2152 N
271 2119 391 2154 nomine
417 2121 550 2155 Domini
584 2123 677 2164 nostri
693 2125 775 2170 Jefia
802 2125 921 2167 Christi
965 2127 992 2161 E
1038 2137 1127 2159 mus.
1156 2125 1262 2171 Igitur
1288 2135 1391 2160 notum
1410 2125 1456 2168 fit
1479 2125 1620 2162 omnibus
1638 2126 1793 2171 fidelibus

235 2169 298 2203 Dei
324 2170 439 2205 eterni.
470 2172 657 2206 Hlotbarius
683 2177 800 2210 divina
835 2177 920 2210 ordi-
1030 2174 1141 2220 sanffJe
1167 2176 1231 2210 Dei
1257 2176 1410 2219 Ecclefie,
1447 2178 1689 2224 nostrorumque,
1722 2190 1794 2224 pre-

161 2229 259 2254 nante
295 2220 499 2262 providentia
542 2225 709 2269 Imperator
734 2227 918 2272 aluguflus.
1030 2225 1174 2270 sentibus
1193 2225 1316 2270 scilicet
1343 2226 1388 2265 &⁶
1421 2227 1566 2271 suturis,
1602 2229 1677 2275 quia
1717 2241 1794 2263 om—

162 2271 201 2304 Si
225 2269 433 2313 petitionibus
459 2272 613 2314 servorum
654 2275 736 2313 Dei,
774 2276 806 2309 in
845 2290 921 2323 quas
1036 2289 1096 2311 nes
1138 2275 1324 2312 Presbiteri
1366 2278 1399 2312 &
1440 2277 1604 2313 Parochia
1646 2279 1794 2313 Cremo-

164 2319 273 2360 nostris
299 2321 426 2356 auribus
457 2324 678 2368 patefecerint,
706 2326 838 2360 libenter
861 2342 919 2362 an·
1037 2326 1145 2362 nenfis
1182 2335 1253 2362 tam
1282 2327 1323 2363 de
1354 2329 1516 2364 Plebibus
1558 2341 1730 2376 quamque
1757 2330 1793 2365 &

162 2372 309 2409 fluimus.
351 2370 396 2409 ⁹&
438 2387 488 2408 eas
529 2377 573 2409 ad
611 2375 755 2420 effeJum
777 2378 919 2423 perduct‘-
1036 2377 1077 2413 de
1116 2377 1307 2419 oraculis,
1348 2388 1421 2413 ante
1461 2378 1592 2421 nostram
1631 2381 1792 2415 venientes

163 2435 253 2464 mus,
290 2422 341 2456 hoc
367 2422 455 2458 nobts
479 2426 585 2470 procul
611 2426 704 2460 dubio
743 2430 786 2462 ad
811 2442 919 2463 merce-
1033 2428 1243 2475 presentiam,
1285 2429 1381 2471 nostre
1407 2428 1610 2463 innotuerunt
1636 2430 1793 2471 celsitudi-

163 2473 214 2506 dis
241 2471 337 2513 nosire
362 2485 563 2521 augmentum
599 2475 644 2514 «ὠ
685 2487 819 2512 eternam
845 2478 919 2515 bea·
1037 2479 1098 2517 ni,
1127 2478 1219 2527 quod
1247 2478 1427 2515 Parafreda
1454 2479 1486 2514 &
1516 2478 1625 2515 Carra
1653 2481 1694 2516 ad
1730 2494 1793 2516 no-

162 2521 331 2558 titudinem
358 2526 570 2571 capescendam
607 2528 762 2576 pertinere
789 2529 918 2575 confidi·
1037 2529 1136 2567 stram
1173 2530 1359 2567 cameram
1395 2529 1643 2579 deportandam
1680 2531 1793 2576 injuste

1684 2583 1742 2617 de-
