2279 3006
462 268 465 269 ν
485 240 564 280 Ῑ99

421 296 423 299 ·
473 284 614 329 Quanta
661 295 776 322 autem
819 288 944 336 pompa
986 291 1095 338 Reges
1140 303 1178 325 ac

423 334 602 383 Principes
632 335 703 372 suas
732 348 871 385 agerent
899 339 1058 387 nuptias,
1088 342 1178 376 mul-

420 384 468 419 {is
488 386 661 422 ostendere
683 388 830 430 possem,
858 390 890 424 8(
913 391 1047 437 aliquid
1069 391 1176 426 etiam

419 434 522 471 innui
560 437 596 472 in
639 438 857 485 praelaudata
900 441 1174 477 Differtatione.

419 486 483 521 Sed
512 487 583 522 alio
606 490 876 533 properandum.
907 493 997 528 Illud
1019 501 1174 527 tanturn-

417 537 524 571 modo
553 537 634 572 hinc
663 538 860 589 intelligere
888 542 994 578 liceat
1012 570 1020 583 ,
1059 542 1173 578 mino-

416 600 469 621 res
497 588 624 629 etiarn,
670 592 895 638 proportione
922 593 1106 642 dignitatis
1135 607 1173 628 ac

417 636 549 672 virium
579 637 748 686 speetata,
789 642 825 677 in
862 642 930 679 suis
958 643 1091 690 nuptiis
1119 645 1172 679 lu—

417 687 500 726 dos,
530 689 717 734 convivia,
746 690 782 727 &
811 694 932 730 luxum
962 694 1170 742 procurasse.

416 738 522 783 Apud
562 741 779 778 Lombardos
830 746 1012 793 praecipue
1049 746 1172 780 Seculo

416 790 514 823 XIV.
555 788 592 825 ὅ(
633 793 709 827 XV.
746 806 820 829 mos
866 796 935 832 fuit
985 799 1170 831 Oratorem

415 838 599 879 adhibere,
628 842 688 890 qui
710 843 746 878 in
768 845 915 883 solemni
940 857 1000 883 aut
1027 845 1171 894 Sponsa-

414 889 503 924 lium
521 915 530 929 ‚
560 902 620 926 aut
647 893 748 935 ipsius
777 898 1005 933 Matrimonii
1034 906 1171 932 contra-

412 939 492 978 δὶα,
536 942 813 987 Epithalamium
843 948 1012 984 recitabat
1055 959 1171 981 Coram

414 992 573 1039 cognatis
587 1021 594 1034 ‚
612 993 814 1045 civibusque
835 998 871 1033 in
890 1009 1046 1046 paternas
1063 999 1171 1044 Spon—

413 1040 468 1076 sae
496 1043 594 1078 aedes
622 1045 771 1082 coaC'tis.
815 1051 894 1084 Hoc
923 1050 989 1090 est,
1027 1048 1171 1083 Oratio—

411 1104 491 1126 nem
512 1116 522 1132 5
564 1107 630 1141 qua
667 1095 696 1131 is
723 1098 962 1136 effundebatur
989 1100 1026 1135 in
1055 1098 1171 1134 laudes

411 1143 572 1190 geminae
600 1146 791 1186 Familiae,
829 1159 933 1195 atque
974 1148 1171 1184 adolescen-

412 1193 459 1228 tis
489 1194 686 1243 utriusque.
717 1199 796 1232 Duo
824 1212 865 1233 ex
904 1199 996 1233 hisce
1025 1196 1171 1243 Epitha-

412 1243 529 1280 lamiis
558 1244 594 1280 in
623 1248 964 1283 commendationem
1003 1246 1171 1296 ampliffi-

412 1305 488 1328 mae
518 1297 724 1333 Borromeae
753 1299 866 1346 gentis
893 1299 972 1334 dedi
1001 1312 1065 1345 ego
1095 1299 1171 1332 To-

411 1355 472 1378 mo
486 1347 749 1383 2..Anecdotor.
779 1349 965 1385 Latinor*.
1009 1349 1168 1383 Multum

411 1394 486 1428 auri
514 1395 587 1440 ejus
617 1409 763 1445 pompae
790 1400 967 1435 occasione
1004 1399 1041 1435 in
1070 1398 1171 1433 vesti-

410 1442 472 1476 bUS
489 1469 498 1484 a
539 1446 731 1483 monilibus
748 1474 757 1488 ,
800 1449 978 1485 conviviis
995 1475 1005 1489 ‚
1033 1448 1170 1484 aedium

411 1493 647 1534 ornamentis,
676 1498 790 1542 ludis,
818 1498 964 1543 aliisque
992 1497 1172 1545 hujusmo-

409 1542 445 1577 di
474 1544 575 1579 luxus
613 1546 646 1579 8<
690 1549 790 1595 gulae
831 1548 1086 1594 profusionibus
1115 1561 1174 1595 pet

409 1593 482 1628 dies
525 1595 657 1631 multos
707 1611 724 1633 a
782 1598 859 1634 viro
900 1598 1170 1645 impendendum

409 1653 501 1679 erat.
545 1646 608 1681 Sed
653 1660 763 1694 neque
809 1649 914 1684 amici
958 1650 991 1684 ὃς
1030 1649 1170 1689 cognati

410 1694 674 1731 contributione
692 1697 866 1734 immunes
879 1700 1041 1735 abibant.
1061 1703 1170 1735 Nam-

408 1757 476 1791 que
503 1745 541 1780 in
571 1746 858 1784 consuetudinem
897 1750 1012 1794 abiit,
1050 1760 1089 1786 ut
1131 1764 1170 1786 u-

407 1793 618 1843 nusquisque
658 1808 717 1833 aut
763 1800 894 1847 Sponso
934 1811 994 1836 aut
1021 1800 1169 1846 Sponsae

407 1858 551 1881 munera
579 1848 741 1891 offerret,
770 1864 877 1898 eaque
904 1851 1104 1899 praesertim
1131 1851 1167 1887 in

409 1895 614 1942 Principum
644 1912 681 1934 ac
710 1902 919 1947 Magnatum
941 1903 1074 1945 nuptiis
1095 1916 1168 1938 ma-

408 1945 538 1993 gnifica
566 1947 679 1985 fuere.
719 1951 810 1987 Vide
837 1966 924 2000 quae
952 1953 1167 2001 Aliprandus

407 1996 446 2032 in
484 1997 665 2034 Chronico
707 2003 903 2038 Mantuano
944 2003 1022 2039 heic
1067 2005 1166 2040 evul-

408 2047 522 2093 gando
549 2048 671 2085 refert.
700 2052 792 2088 Vide
819 2053 916 2095 supra
938 2063 1164 2090 memoratam

408 2095 696 2136 Differtationem
748 2105 785 2137 de
829 2104 1023 2149 Spea‘laculis
1047 2133 1055 2141 .
1102 2105 1165 2140 Sed

406 2148 576 2196 ejusmodi
595 2178 604 2191 ,
633 2161 671 2186 ut
699 2151 748 2188 ita
776 2153 913 2198 dicam,
955 2156 1165 2203 vebiigalia,

405 2200 498 2245 quod
547 2201 697 2237 nimium
746 2203 964 2241 incommodi
1010 2205 1165 2242 volenti-

407 2250 492 2290 bus,
520 2253 726 2300 graviusque
755 2256 956 2291 nolentibus
984 2257 1165 2297 afferrent,

407 2304 544 2350 Legum
583 2304 780 2341 conditores
824 2306 962 2342 tandem
1018 2307 1166 2343 interdi-

406 2366 482 2387 cere
520 2366 667 2401 aequum
706 2366 892 2396 putarunt.
943 2360 983 2393 In
1025 2361 1165 2394 Statuto

406 2402 649 2441 Mediolanen.
680 2408 771 2443 Part.
796 2420 826 2443 2.
852 2409 939 2446 Can.
967 2420 1053 2455 455.
1082 2409 1165 2443 haec

406 2454 596 2500 leguntur:
627 2460 734 2502 ‚Quum
760 2458 871 2492 mulIer
895 2459 997 2503 fuerit
1022 2460 1165 2503 Sponsa.

406 2506 460 2537 vet
494 2506 696 2541 Matrimonia
734 2514 903 2552 copulata,
940 2511 1072 2554 nullus,
1113 2523 1165 2543 ex—

405 2565 489 2599 cepto
517 2557 640 2590 Marito
667 2561 720 2592 vel
744 2558 888 2603 Sponso,
929 2559 1042 2595 debeat
1067 2559 1166 2594 eidem

403 2651 420 2689 f
443 2654 530 2689 Edit.
554 2655 642 2695 hujus
666 2657 766 2690 Tomi
790 2658 852 2692 Xt.
877 2659 912 2692 P.
938 2659 1004 2691 Itt.

785 228 1189 287 ANTIQUJT.
1236 228 1473 272 MEDII
1513 230 1694 274 AEVI

1905 250 1989 278 200

1215 291 1250 326 A
1288 302 1399 323 munus
1425 303 1477 324 nec
1503 303 1630 324 munera
1656 291 1763 338 offerre
1789 293 1823 327 in
1847 294 1970 340 publico
1994 307 2045 328 nec

1286 341 1419 383 occulto,
1441 340 1501 383 sub
1522 353 1622 387 poena
1648 342 1719 379 ὡς.
1741 345 1864 391 Neque
1891 343 2041 391 ejusmo-

1286 390 1323 425 di
1359 391 1531 425 donorum
1585 390 1814 439 profusionem
1865 405 2040 430 recentem

1288 449 1404 488 putes.
1433 441 1679 477 Memorantur
1705 443 1798 479 enim
1839 443 1876 479 in
1906 444 2040 480 Rotha-

1285 491 1332 526 ris
1359 491 1669 540 Langobardorum
1707 495 1811 542 Regis
1852 497 1945 543 Lege
1969 509 2038 529 exe-

1285 541 1340 575 nia
1366 542 1559 588 Nuptialt'a,
1596 555 1683 588 quae
1723 544 1868 592 Sponsae
1895 544 2038 592 quidem

1284 591 1536 636 offerebantur,
1566 591 1620 628 sed
1647 593 1685 628 in
1711 594 1765 642 jus
1791 594 1918 631 Mariti
1941 595 2039 630 cede-

1285 642 1386 676 bant.
1428 644 1465 676 Si
1504 646 1628 689 quando
1664 643 1750 691 (en
1790 645 1892 680 verba
1931 645 2037 692 Legis

1288 693 1398 740 184.)
1426 703 1514 736 pater
1531 693 1663 738 filiam,
1700 705 1756 729 aut
1786 695 1889 739 frater
1909 695 2040 739 sororem

1213 752 1239 785 Β
1277 742 1368 786 suam
1395 744 1457 776 alii
1483 745 1525 777 ad
1544 758 1664 778 uxorem
1691 745 1881 784 tradiderit,
1908 744 1954 782 (ῥ’
1974 745 2037 779 ali-

1261 793 1351 839 ‚quis
1377 806 1413 827 ex
1438 794 1567 828 Amicis
1593 806 1711 839 accepto
1738 795 1750 842 (
1769 809 1810 830 an
1838 793 2036 843 excepto?)

1282 844 1404 877 Exem'o
1432 844 1490 890 ipfi
1516 845 1641 879 mulieri
1666 847 1790 892 aliquid
1823 847 1966 889 dederit,
2004 847 2037 879 in

1283 893 1378 938 ipsius
1398 893 1444 935 stt
1466 895 1634 939 potestate,
1670 898 1725 942 qui
1752 897 1914 930 mundium
1940 897 1978 929 de
2005 909 2040 930 ea

1275 944 1378 987 fecit.
1407 946 1537 979 Modus
1564 954 1679 981 tamen
1709 946 1767 982 iste
1793 946 1961 993 loquendi
1988 945 2037 980 sat

1283 994 1420 1040 prodit,
1463 998 1538 1030 raro
1567 1009 1604 1030 ac
1634 997 1809 1032 moderate
1837 999 1926 1031 dona
1954 1006 2037 1030 tunc

1282 1043 1380 1079 fuiss:
1407 1046 1536 1081 collata
1563 1046 1599 1082 in
1628 1046 1780 1096 nuptiis.
1820 1049 1885 1081 Res
1913 1045 2037 1080 deinde

1281 1094 1318 1129 in
1345 1095 1516 1131 excessum
1545 1097 1662 1133 abiens
1680 1122 1690 1137 ,
1732 1097 1870 1132 tandem
1922 1108 2037 1131 rerum

1282 1145 1515 1181 moderatores
1552 1147 1592 1182 ad
1630 1147 1763 1183 frenum
1803 1146 2037 1182 adhibendum

1213 1201 1242 1235 C
1281 1195 1474 1240 compulit.
1511 1199 1611 1241 Quae
1639 1201 1721 1233 vero
1751 1200 1822 1232 Dos
1851 1197 2037 1232 secundum

1282 1243 1476 1278 Romanam
1515 1247 1646 1293 Legem
1683 1261 1701 1282 a
1731 1248 1928 1295 parentibus
1967 1255 2037 1281 tra—

1280 1292 1389 1327 denda
1417 1293 1498 1329 esset
1515 1322 1525 1338 ,
1555 1297 1659 1340 probe
1687 1308 1815 1332 norunt
1842 1297 1903 1344 qui
1945 1296 2035 1339 Juri—

1283 1341 1502 1388 sprudentiae
1544 1345 1627 1381 dant
1672 1359 1811 1394 operam
1834 1374 1842 1382 .
1895 1346 1993 1391 Quid
2020 1359 2039 1381 a

1280 1393 1552 1439 Langobardis‚
1592 1397 1839 1432 tantummodo
1880 1396 2038 1443 inquira-

1282 1454 1379 1489 mus3
1423 1455 1502 1477 narn
1540 1444 1581 1478 ad
1623 1458 1742 1479 eorum
1786 1449 1917 1492 Legem
1947 1448 2036 1480 ultra

1281 1494 1461 1527 Saeculum
1501 1495 1580 1529 XII.
1628 1494 1739 1541 major
1768 1495 1884 1530 Italici
1924 1496 2036 1543 Regni

1281 1555 1355 1588 pars
1384 1541 1450 1577 sese
1478 1544 1699 1588 composuit.
1742 1544 1846 1580 Nihil
1875 1544 1916 1580 de
1945 1547 2037 1580 Dote

1281 1592 1506 1628 constitutum
1549 1593 1714 1628 habemus
1754 1594 1791 1628 in
1834 1597 2037 1644 Langobar-

1212 1649 1243 1681 D
1279 1642 1367 1677 dicis
1395 1644 1570 1691 Legibus.
1602 1646 1762 1679 Parentes
1790 1644 1949 1688 filiabus,
1978 1656 2037 1681 aut

1279 1692 1400 1728 fratres
1427 1693 1600 1730 sororibus
1629 1707 1690 1742 pro
1718 1693 1865 1729 arbitrio
1891 1694 1949 1730 suo
1975 1696 2037 1730 do-

1279 1756 1321 1777 na
1367 1743 1611 1787 conferebant,
1658 1757 1765 1792 eaque
1803 1745 2036 1789 Phaderphium

1280 1796 1518 1841 appellavere,
1554 1795 1646 1843 quasi
1692 1795 1730 1830 in
1771 1794 1825 1830 his
1866 1794 1928 1830 fita
1954 1796 2035 1831 esset

1276 1855 1408 1890 paterna
1436 1846 1590 1880 hereditas
1604 1860 1624 1888 ;
1669 1847 1719 1882 ita
1755 1845 1850 1881 enim
1878 1845 1944 1881 hoc
1972 1859 2034 1881 no-

1279 1907 1357 1929 men
1386 1895 1504 1931 sonat.
1532 1896 1817 1943 Qualiscumque¹
1836 1906 1953 1932 autem
1981 1896 2033 1931 fo-

1278 1954 1330 1979 ret
1357 1946 1416 1981 ista
1445 1947 1615 1994 largitio,
1643 1947 1846 1983 hereditatis
1873 1948 1953 1982 loco
1979 1946 2034 1982 fu-

1279 2004 1355 2030 tura
1392 2006 1464 2032 erat
1492 1998 1630 2034 filiabus
1658 1998 1695 2033 in
1725 1997 1825 2032 bonis
1862 1997 2033 2043 paternis.

1279 2047 1375 2083 Audi
1419 2051 1550 2097 Legem
1597 2053 1676 2085 181.
1707 2046 1872 2083 Rotharis
1899 2047 2031 2096 Regis:

1277 2099 1316 2133 51‘
1342 2103 1465 2145 quando
1489 2111 1579 2147 pater
1597 2100 1708 2145 filfam
1727 2099 1818 2141 suam
1835 2125 1844 2138 ,
1885 2107 1942 2131 aut
1962 2097 2034 2141 fra—

1277 2161 1324 2184 ter
1343 2150 1474 2193 sororem
1495 2151 1587 2195 suam
1613 2150 1785 2196 legitimam
1811 2147 1872 2182 alii
1898 2150 1940 2182 ad
1966 2162 2034 2182 ma—

1278 2200 1374 2234 ritum
1399 2202 1541 2240 dederit,
1582 2202 1614 2235 in
1654 2200 1706 2233 hoc
1737 2199 1784 2239 fit
1803 2197 1869 2238 fibi
1894 2208 2035 2234 contenta

1277 2255 1314 2286 de
1347 2253 1449 2295 patris
1488 2263 1544 2287 aut
1572 2250 1686 2295 fratris
1706 2248 1905 2294 substantia,
1932 2262 2033 2294 quam

1278 2313 1344 2336 tum
1370 2303 1399 2336 ei
1421 2313 1512 2346 pater
1537 2312 1593 2336 aut
1613 2301 1715 2345 frater
1742 2301 1774 2334 in
1801 2299 1854 2334 die
1885 2299 2035 2333 traditio-

1279 2353 1329 2386 nis
1357 2354 1536 2395 nuptiarum
1562 2351 1708 2393 dederit,
1736 2350 1783 2388 ὠ
1808 2349 1944 2395 amplius
1972 2362 2033 2383 non

1278 2404 1434 2448 requirat.
1463 2403 1557 2439 Idem
1586 2399 1750 2436 Rotharis
1778 2399 1862 2447 quid
1890 2400 2032 2434 Phader-

1277 2455 1387 2500 phium
1414 2454 1540 2493 fuerit,
1581 2452 1735 2497 explicat
1774 2450 1810 2486 in
1851 2452 1946 2498 Lege
1982 2448 2033 2485 se·-

1279 2504 1423 2551 quenfi,
1452 2503 1531 2539 ubi:
1561 2504 1673 2537 habeat
1700 2502 1766 2545 ipsa
1793 2501 1922 2539 mulier,
1952 2498 2034 2546 (vi-

1279 2569 1317 2591 ro
1347 2555 1515 2603 viduata)
1553 2558 1771 2601 Morgengap,
1807 2551 1854 2590 ‹gf-7
1889 2551 1971 2597 quod
1995 2551 2033 2584 de

1871 2612 1987 2648 paren-
