2279 3006
434 206 490 247 43

376 257 485 285 tuano
523 251 725 295 providemus
762 249 942 290 confirmare
984 250 1136 294 Riparios

375 307 436 334 tres
453 314 471 343 ,·
512 303 554 335 (9⁶
591 303 739 349 quicquid
774 302 876 335 Mrles
911 298 1058 334 habuerit
1094 303 1137 334 ad

376 351 583 396 vescendum,
610 355 664 387 hoc
690 352 736 390 (y
766 349 897 395 Ripart'i
921 363 987 384 cum
1009 350 1058 384 eis
1084 364 1135 385 co-

375 402 494 436 medere
529 405 684 439 debeant.
721 400 848 437 Modio
879 403 957 435 verb
994 400 1134 448 pensato

375 452 504 488 Libras
534 454 703 498 triginta,
731 465 798 485 cum
822 453 904 497 quod
924 452 1016 495 suum
1041 464 1133 498 pera—

372 514 434 550 gat
461 505 635 552 negotium.
674 501 834 537 Decimas
870 505 943 536 verb
977 506 1053 537 dare
1078 506 1133 537 de-

373 557 471 590 beant
508 556 583 590 Sale
620 553 764 589 Modios
801 554 930 588 Decem
967 554 1000 587 8<
1029 553 1133 593 οξὶο,

377 603 424 643 &
451 605 603 641 tremisse
628 617 697 638 uno
724 604 802 651 palo
831 603 1034 639 lolvendum
1057 614 1133 638 tan—

375 657 587 691 tummodo.
629 656 705 688 Item
743 653 780 689 in
818 656 956 699 Campo
991 654 1134 689 Marcio

374 706 549 747 transitura
577 705 688 739 debeat
722 708 799 739 clare
835 705 936 740 binos
964 705 1132 740 tremiffes

377 769 437 804 per
458 755 603 803 ssngulas
625 757 762 791 Naves.
792 754 1053 790 Scaramantico
1077 769 1133 789 ve-

377 810 410 840 νὸ
437 806 518 840 nihil
551 806 750 850 providemus
776 808 879 849 dare,
910 806 970 851 fied
1001 805 1136 840 libenter

377 856 510 898 transire
543 857 751 902 praecipimus
773 883 784 892 .
831 859 908 891 Item
950 856 985 890 in
1028 858 1135 893 Porto

377 907 549 943 Brixiano
585 907 738 952 Riparios
772 909 830 942 IV.
856 907 1053 949 instituimus
1084 908 1134 951 se-

377 960 540 1004 quundum
565 958 748 1004 antiquum.
785 957 948 993 Decimas
976 961 1050 991 verb
1075 960 1135 991 da-

378 1021 411 1043 re
445 1011 577 1044 debeam
610 1009 686 1044 Sale
720 1008 868 1044 Modios
892 1007 1135 1054 (Quindecim,

378 1058 427 1097 ό*
455 1061 534 1108 palo
560 1059 764 1095 solvendum
793 1059 944 1095 tremiffe
971 1072 1063 1101 uno,
1091 1057 1137 1096 &³

379 1111 494 1144 Modio
527 1109 653 1155 pensato
684 1114 727 1145 de
759 1110 870 1145 Libr1's
906 1110 1042 1156 triginta
1072 1122 1138 1143 cum

378 1160 449 1205 ipsa
472 1161 600 1197 Decima
617 1163 694 1196 dare
712 1161 864 1194 debeant.
892 1162 970 1194 Item
998 1160 1031 1193 in
1054 1161 1138 1194 Por·
1166 1169 1167 1172 ’

378 1219 440 1255 to,
468 1213 524 1259 qui
546 1221 677 1246 vocatur
704 1212 902 1251 Cremona,
935 1209 1138 1255 providemus

379 1261 559 1306 confirmare
581 1264 660 1297 duos
686 1261 857 1308 Riparios.
893 1259 1059 1294 Decimas
1081 1272 1138 1292 ve—

379 1315 412 1346 τὸ
437 1314 513 1348 dare
538 1314 672 1348 debeant
697 1313 776 1348 Sale
802 1309 950 1346 Modios
978 1307 1139 1353 Quinde-

379 1363 450 1398 cim
472 1391 482 1407 ,
518 1365 553 1399 δε
591 1363 742 1399 tremiffe
778 1374 848 1397 uno
885 1361 965 1409 palo
1003 1359 1141 1393 solven-

379 1412 488 1448 dum.
522 1417 571 1447 Et
606 1415 661 1460 qui
695 1414 770 1448 vult
799 1412 923 1457 sursum
958 1410 1141 1455 ascendere,

379 1463 468 1497 delet
495 1463 699 1499 Tran'fitura
723 1463 816 1507 solito
844 1460 961 1497 medio
989 1458 1142 1495 tremisse

379 1513 506 1549 Modia
543 1513 637 1548 duo.
679 1517 728 1548 Et
762 1513 794 1554 fi
827 1510 1065 1546 venundaverit
1099 1508 1144 1541 ad

373 1564 431 1609 fex
470 1564 611 1606 Modia‚
651 1564 705 1597 det
744 1563 842 1597 tria.
884 1563 970 1594 Nam
1004 1558 1142 1604 amplius

379 1627 440 1648 non
482 1615 610 1648 debetur
629 1638 641 1653 ‚
684 1613 746 1653 nist*
785 1612 867 1658 quod
899 1608 1004 1656 precia
1040 1608 1142 1652 posita

373 1665 493 1707 fuerit.
530 1667 579 1698 Et
614 1677 682 1696 cum
717 1663 809 1707 quale
836 1660 947 1694 Modio
973 1661 1139 1694 venunda-

379 1714 486 1757 verit,
521 1726 590 1746 curn
626 1711 691 1755 ipso
729 1710 892 1746 Decimas
919 1714 1029 1749 detur,
1065 1720 1139 1744 tan—

379 1775 447 1799 tum
483 1762 543 1805 est.
579 1764 659 1797 Item
698 1763 834 1800 Porto,
870 1761 925 1807 qui
959 1761 1141 1806 appellatur

381 1812 617 1853 Parmifiano‚
646 1812 845 1857 providimus
871 1816 948 1845 duos
974 1810 1138 1855 confirma-

379 1879 411 1899 re
446 1864 625 1907 Riparios.
663 1863 831 1911 Ripatico
867 1865 938 1896 verb
976 1862 1022 1900 (9⁴
1057 1862 1138 1908 palo

373 1916 510 1961 solitura
541 1913 643 1955 fimul
676 1927 789 1948 munus
823 1916 898 1947 dare
939 1912 1140 1957 providimus

380 1964 502 2001 solido
539 1977 637 2006 uno,
674 1965 765 1999 Oleo
803 1966 884 1999 vero
911 1964 1020 2000 Libra
1049 1975 1139 2006 una,

381 2018 476 2051 Garo
506 2014 615 2050 Libra
636 2027 701 2049 una
717 2042 726 2057 ,
756 2014 858 2062 Piper
877 2013 1013 2050 Onxias
1032 2012 1138 2048 duas.

380 2069 458 2102 Item
488 2066 622 2107 Porto,
654 2065 713 2112 *qui
747 2066 862 2100 dicitur
888 2065 1037 2109 Addua,
1074 2064 1138 2098 Ri-

377 2116 486 2164 parios
513 2114 694 2159 confirmare
716 2116 915 2163 providimus
940 2118 1036 2150 duos.
1067 2116 1138 2149 De-

381 2166 473 2202 cima
514 2169 587 2200 verz
626 2171 702 2201 dare
735 2168 844 2201 debeat
878 2167 956 2201 Sale
990 2165 1137 2201 Medios

379 2215 605 2257 Duodecim,
635 2215 682 2256 &²
709 2217 861 2253 tremisse
890 2217 970 2264 palo
998 2216 1137 2251 solven-

380 2269 462 2304 dum
475 2293 630 2303 ........
655 2268 821 2313 Simulque
850 2269 979 2306 Porto,
1004 2267 1061 2313 qui
1086 2267 1138 2300 a'i—

379 2320 460 2353 eitur
494 2319 651 2353 Lambro
687 2320 719 2354 δε
761 2317 964 2360 Placentia,
1002 2317 1141 2363 ,qualiter

379 2370 484 2404 Adda
515 2370 678 2409 labuerit,
712 2370 767 2404 hoc
793 2368 838 2407 (φ’
878 2368 938 2413 ipfi
971 2368 1140 2414 consequire

381 2421 514 2453 debeant
543 2417 599 2461 seu
634 2419 668 2451 in
704 2420 881 2464 Rspuriis,
918 2432 1069 2466 quamque
1105 2418 1138 2451 in

381 2469 521 2503 Decimis
547 2473 760 2503 tantummodo
777 2495 784 2502 .

432 2522 503 2565 Ego
530 2519 698 2562 Johannes
733 2519 886 2554 Notarius
916 2517 1014 2562 huius
1041 2532 1137 2554 exem-

382 2570 429 2613 pli
457 2569 612 2617 exemplar
637 2570 712 2603 vidi
739 2569 785 2607 εἰ»
812 2570 858 2603 hi:
881 2569 1062 2616 subscripsi,

707 189 1143 247 ANTLQUJT.
1190 187 1444 236 MEDII
1484 187 1677 234 AEVI

1175 253 1205 288 A

1888 208 1948 249 44

1301 251 1371 294 Ego
1397 249 1553 283 Girardus
1578 250 1732 285 Notarius
1757 251 1852 297 hujus
1874 251 2005 298 exemp&

1248 301 1405 344 exemplar
1427 300 1523 339 vicli,
1560 300 1606 337 (θ’
1628 300 1787 345 sententia}
1813 317 1873 337 non
1900 315 2004 338 muta·

1248 352 1283 384 ιά
1310 351 1358 384 hic
1378 350 1509 396 scripsi,
1537 351 1580 384 (9¹
1603 351 1773 396 descripsi.

1301 403 1371 446 Ego
1397 401 1589 446 sychardus
1624 403 1691 436 Dei
1716 404 1829 449 gratia
1856 406 2003 441 Cremo-

1248 450 1357 486 nenfis
1386 452 1575 499 Episcopus
1603 451 1660 486 has
1682 453 1765 488 duas
1792 455 2003 497 institutiones

1247 501 1493 541 Comaclenfibus
1521 518 1541 538 a
1566 503 1785 546 Liutbprando
1807 505 1854 543 &⁴
1883 521 1905 540 a
1931 509 2005 541 Ka-

1247 553 1311 585 roto
1344 552 1474 594 saft'as,
1517 553 1585 587 ideo
1621 553 1712 592 scribi
1743 555 1891 599 fecimus,
1928 569 2003 603 quo-

1247 602 1332 636 niam
1359 616 1396 636 ex
1421 603 1464 636 eis
1490 604 1671 650 colligitur,
1708 608 1790 651 quod
1814 610 2002 641 Cremonen-

1241 652 1282 693 fis
1312 656 1450 695 Portus,
1486 658 1524 688 de
1558 668 1616 701 quo
1644 655 1739 699 saepe
1765 656 1798 690 in
1828 656 2004 700 suprascri-

1179 706 1207 740 B
1242 703 1309 747 ptis
1336 703 1527 750 Privilegiis
1554 706 1681 752 agitur,
1701 705 1750 747 fit
1772 709 1889 740 Portus
1914 706 2001 741 anti-

1245 766 1325 800 quus
1351 767 1372 788 a
1399 755 1619 799 Liutbprando
1643 760 1729 803 Rege
1755 767 1849 791 antea
1875 756 2003 798 institu-

1245 814 1295 837 tus
1314 827 1323 840 .
1359 804 1402 838 (θ’
1432 815 1490 849 per
1516 810 1670 840 Kar-olum
1705 807 1929 852 confirmatus:
1956 805 2002 844 &¹

1245 854 1321 901 quia
1345 856 1386 888 de
1411 855 1462 889 his
1489 856 1739 898 institutionibus
1763 858 1879 892 mentio
1905 857 2003 892 conti-

1246 905 1370 940 nebitur
1394 905 1430 939 in
1454 906 1652 952 sequentibus
1668 935 1677 943 .

1298 955 1391 991 Vide
1418 958 1507 1005 apud
1538 958 1742 999 Ughellium
1769 961 1877 994 Tom.
1904 971 1940 1004 4.
1967 957 2003 993 I·-

1246 1007 1307 1041 tal.
1359 1008 1448 1042 Sacr.
1491 1007 1529 1043 in
1570 1008 1732 1057 Episcop.
1773 1007 2002 1045 Cremonens.

1246 1056 1463 1093 mentionem
1506 1058 1675 1107 ejusmodi
1718 1058 1966 1108 Diplomatum
1991 1082 2004 1097 ,

1247 1105 1285 1141 in
1323 1107 1529 1155 Diplomate
1565 1109 1744 1146 Ludovici
1781 1110 1827 1146 II.
1855 1107 2006 1158 Augusti

1247 1159 1356 1193 Anno
1387 1160 1565 1197 DCCCL.
1603 1161 1718 1209 primo
1756 1159 1901 1207 Imperii
1930 1160 2006 1207 eju-

1248 1205 1340 1239 sdem
1383 1209 1589 1246 Ludovici:
1628 1211 1688 1246 ubi
1724 1212 1856 1245 Milites
1891 1213 2006 1244 Coma-

1248 1255 1360 1299 clenses
1395 1258 1535 1291 debitum
1570 1261 1803 1305 Reipublicae,
1846 1263 1930 1306 quod
1964 1259 2009 1302 2st

1249 1305 1436 1346 Ripaticum
1472 1308 1515 1340 (9⁶
1546 1308 1776 1351 Palififluram
1813 1310 2009 1356 persolvere

1250 1353 1414 1401 jubentur
1439 1355 1473 1388 in
1490 1359 1590 1389 Portu
1608 1362 1795 1393 Cremonae.
1821 1359 1895 1403 Qui
1925 1371 2009 1394 vero

1248 1406 1363 1438 Portus
1392 1403 1470 1439 heic
1499 1405 1743 1452 appellantur,
1779 1405 1819 1441 δε
1846 1411 2007 1452 Portam,

1248 1454 1367 1488 locum
1396 1452 1619 1502 significant,
1649 1455 1688 1490 in
1715 1469 1785 1504 quo
1811 1469 1919 1492 naves
1948 1470 2008 1503 per

1252 1504 1382 1538 Padurn
1408 1530 1418 1546 ,
1462 1503 1502 1540 ,&
1545 1506 1614 1540 alia
1650 1505 1799 1542 flumina
1843 1507 2008 1543 adveE‘cae

1250 1552 1452 1597 consistere,
1490 1553 1528 1591 &
1556 1565 1748 1591 mercatum
1776 1557 1865 1593 Salis
1894 1557 2007 1593 facere

1250 1603 1504 1640 consueverunt
1528 1631 1538 1641 .
1585 1608 1694 1641 Erant
1737 1617 1854 1643 autem
1891 1611 2009 1643 Portus

1249 1657 1453 1690 Mantuanus
1487 1657 1520 1691 8<
1558 1658 1698 1700 Campus
1732 1659 1900 1698 Martius,
1937 1671 2009 1707 quo

1248 1705 1394 1741 nornine
1421 1719 1463 1741 an
1492 1710 1605 1741 Portus
1638 1708 1820 1749 Veronensis
1855 1708 2009 1756 defigne-

1248 1765 1326 1792 tur.
1354 1756 1434 1792 aliis
1453 1756 1701 1805 inquirendum
1720 1758 1906 1806 relinquo:
1928 1767 2007 1793 tum

1248 1810 1363 1840 Portus
1382 1807 1579 1848 Brixienl't's,
1601 1812 1629 1843 C
1631 1808 1810 1849 remonensts
1820 1833 1832 1848 ‚
1853 1812 2007 1843 Parmen-

1241 1857 1310 1898 fis,
1347 1855 1384 1892 ἃ
1413 1861 1578 1898 Aleuae,
1616 1859 1700 1894 idest
1735 1858 1935 1900 Laudensis,
1971 1859 2005 1894 &

1248 1909 1476 1944 Placentinus.
1516 1908 1616 1953 Quid
1658 1923 1740 1959 ergo
1778 1909 2004 1957 vee'tv‘galium

1250 1971 1311 2006 pro
1339 1958 1427 1994 Salis
1466 1971 1657 1995 mercatura
1698 1959 1911 2006 pendendum
1950 1957 2004 1993 fo-

1249 2019 1328 2051 ret,
1356 2009 1433 2044 heic
1461 2009 1624 2045 staturum
1654 2010 1776 2045 habes.
1813 2011 1902 2043 Nam
1939 2021 2004 2056 pro

1249 2060 1493 2094 Scaramanticis
1533 2060 1623 2095 nihil
1665 2060 1890 2097 solvebatur,
1933 2072 2004 2106 quo

1250 2111 1395 2145 nomine
1437 2110 1521 2157 quid
1562 2109 1772 2159 fignificetur
1795 2135 1805 2152 ‚
1844 2109 2003 2157 ignoro.

1251 2163 1332 2197 Hoc
1368 2173 1475 2196 unum
1512 2162 1629 2200 novi.
1663 2172 1793 2207 pannos
1828 2158 1928 2195 fuiffe
1963 2172 2004 2195 o-

1250 2212 1314 2247 lim
1333 2237 1342 2251 ,
1370 2225 1388 2247 e
1412 2212 1541 2258 quibus
1570 2210 1671 2246 vestes
1699 2208 2003 2250 conficiebantur,

1250 2266 1478 2309 Scaramangae
1499 2261 1708 2310 appellatae.
1731 2261 1925 2295 proventus
1942 2274 2002 2296 au-

1252 2323 1344 2352 tem,
1381 2312 1442 2360 qui
1470 2326 1512 2348 ex
1536 2309 1762 2347 >Cremonensi
1793 2313 1899 2346 Portu
1929 2324 2005 2357 per-

1252 2363 1492 2410 cipiebantur,
1526 2362 1646 2397 donati
1685 2360 1827 2396 subinde
1862 2361 2005 2397 fuerunt

1251 2412 1432 2462 Episcopis
1460 2414 1554 2450 illius
1583 2411 1694 2447 Urbis
1721 2412 1763 2446 ab
1792 2411 1866 2459 ipso
1891 2414 2004 2447 Caro-

1251 2465 1288 2500 lo
1323 2464 1486 2513 Magno:
1523 2462 1672 2509 ideoque
1708 2462 1750 2498 ad
1786 2462 1852 2497 hoc
1890 2462 2002 2509 ipsum

1217 2545 1218 2548 ,
1252 2527 1494 2564 argumentum
1535 2513 1691 2562 speRant
1727 2512 1796 2548 alia
1832 2514 1901 2548 duo
1939 2511 2004 2547 Di-

1168 2573 1172 2606 }
1222 2578 1226 2593 ι

1874 2562 1951 2611 plo—
