2279 3006
471 122 522 157 vx

408 187 552 223 runt.
599 172 779 227 Mirata
823 191 982 229 autem
1027 174 1122 229 fuit
1161 174 1625 243 magnificentissima
1666 179 1798 234 Urbs
1841 179 2045 254 Neapo-

405 247 461 297 lis
487 283 500 306 ,
540 249 710 300 mirata
751 249 932 301 deinde
972 250 1038 303 est
1078 256 1295 317 egregias
1343 268 1447 303 tuas
1490 255 1632 306 dotes
1676 255 1754 305 vel
1797 257 1897 326 ipsa
1938 259 2044 310 Ur-

406 321 542 373 bium
595 325 826 393 princeps
875 324 1069 376 Roma.
1124 326 1327 397 Nempe
1379 327 1459 377 hic
1512 327 1590 379 ille
1639 329 1707 381 est
1751 330 2040 398 (concordi

408 413 534 448 voce
573 415 744 449 omnes
784 399 949 469 ajunt)
981 402 1064 469 qui
1103 401 1391 454 Catholicae
1423 401 1699 467 Religionis
1742 406 2042 457 documenta

407 470 506 522 alte
550 475 601 522 in
647 474 948 541 praecordiis
991 475 1139 527 infixa
1180 491 1389 538 tenens,
1429 491 1525 528 tam
1576 479 1802 529 accurate
1841 480 2039 531 Pietatis

404 545 587 613 ubique
630 546 786 597 officia
824 548 1030 616 implet,
1071 566 1126 601 ut
1165 552 1364 619 reliquis
1405 553 1637 621 exemplo
1675 554 1725 602 in
1768 553 1927 613 cultu,
1966 570 2041 604 re-

404 623 655 680 verentia,
700 638 756 672 ac
800 623 979 673 timore
1024 625 1253 675 Numinis
1296 625 1389 676 effe
1429 629 1523 693 jam
1568 625 1740 695 poffit.
1784 627 1882 677 Hic
1925 628 2036 686 ille,

401 696 484 762 qui
523 694 680 763 paffim
721 696 974 765 splendida
1015 697 1389 751 Munificentiae
1428 703 1536 753 suae
1558 701 1752 767 vestigia
1777 700 2040 770 relinquit.

399 768 501 819 Hic
546 773 724 830 etiam,
768 776 875 828 cui,
920 777 1138 841 quamvis
1185 791 1450 844 numquam
1495 777 1768 843 praeceliae
1806 776 2038 839 Dignita-

398 845 460 893 tis
506 843 611 893 suae
660 846 857 896 modum
902 847 1093 908 oblssto,
1134 866 1191 898 ea
1236 865 1402 899 tamen
1452 850 1518 900 est
1561 851 1763 901 suavitas
1810 866 2037 912 morum,

399 919 599 967 comitas
637 918 984 990 affabilitasque
1022 922 1286 983 sermonis,
1326 939 1451 993 quae
1489 927 1707 974 omnium
1742 924 1901 975 secum
1937 926 2035 976 col·

396 991 710 1061 loquentium
757 997 942 1045 animos
983 996 1064 1046 fibi
1113 1000 1387 1057 conciliet,
1429 1001 1754 1067 egregiaeque
1799 996 2036 1060 formae,

397 1066 557 1116 vultus
595 1068 661 1119 sui
701 1069 1009 1120 lineamentis
1055 1072 1212 1138 probe
1251 1072 1575 1140 respondeat.
1614 1074 1796 1142 Neque
1834 1072 1953 1122 mihi
1991 1090 2035 1122 a·

395 1139 563 1192 liunde
607 1143 814 1210 petendi
856 1144 998 1194 testes
1037 1159 1141 1194 tum
1185 1147 1257 1194 tui
1297 1143 1546 1194 feliciffimi
1594 1148 1811 1211 ingenii,
1848 1161 1953 1197 tum
1990 1163 2037 1196 a·

396 1214 514 1263 nimi
564 1218 767 1267 meliora
820 1234 1042 1286 quaeque
1092 1218 1407 1267 aemulantis.
1464 1218 1547 1267 Te
1597 1234 1794 1283 egomet
1843 1235 2032 1278 teneo,

399 1304 680 1360 quantaque
721 1292 776 1342 fit
817 1292 1069 1344 Virtutum
1107 1307 1297 1341 tuarum
1341 1289 1535 1340 ubertas
1581 1307 1635 1339 ac
1682 1292 1922 1348 soliditas,
1955 1309 2037 1342 ex·

397 1364 678 1430 perimento
722 1382 833 1414 meo
877 1366 1100 1426 εάοθωε,
1135 1366 1236 1415 aliis
1280 1364 1438 1415 testari
1473 1365 1565 1428 jam
1605 1363 1821 1433 poffum.
1863 1366 2033 1426 Qum

397 1438 530 1485 enim
583 1438 825 1488 Mutinam
870 1439 1101 1490 deductus
1147 1437 1235 1488 XI.
1280 1439 1383 1494 Kal.
1429 1437 1760 1496 Decembris,
1813 1454 1960 1508 atque
2008 1457 2035 1489 a

395 1510 699 1563 Sereniffimo
739 1511 1138 1565 FRANCISCO
1181 1513 1326 1563 Duce
1373 1512 1494 1562 hero
1541 1527 1652 1561 meo
1699 1512 1877 1562 summa
1922 1530 2034 1564 cum

395 1585 721 1634 exsultatione
769 1601 1035 1654 exceptus,
1082 1586 1488 1656 incomparabiles
1534 1587 1772 1646 Pi&ura3,
1817 1588 2035 1650 Statum,

397 1658 727 1717 Numismata,
768 1659 1156 1721 Bibliothecam‚
1192 1677 1456 1729 ceteraque
1504 1659 1698 1712 Estenfis
1743 1663 1942 1721 Palatii,
1985 1667 2034 1715 &

395 1732 683 1785 Mutinenfis
733 1733 879 1785 Urbis
932 1750 1222 1786 ornamenta
1248 1773 1260 1794 ,
1305 1753 1404 1785 non
1454 1737 1659 1794 curfim,
1699 1735 1781 1787 sed
1824 1736 2034 1788 mirabili

395 1808 677 1858 attentione
726 1809 1085 1877 perpenderet„
1137 1814 1185 1860 &
1232 1811 1494 1861 memoriae
1532 1809 1709 1873 singula
1749 1811 2030 1871 mandateS,

393 1896 474 1933 me
512 1899 715 1953 quoque
759 1885 820 1933 ad
869 1884 1134 1953 alloquium
1175 1899 1314 1936 tuum
1363 1902 1464 1933 non
1508 1884 1652 1934 semel
1695 1902 1787 1953 pro
1827 1900 1907 1934 tua
1951 1884 2033 1935 be·

395 1957 641 2020 nignitate
692 1957 942 2008 admiffum
991 1960 1216 2019 voluisti,
1268 1978 1324 2010 ac
1381 1959 1634 2011 discedens
1683 1957 1800 2011 mihi
1854 1957 2029 2010 illustre

394 2031 725 2085 Liberalitatis
762 2049 872 2083 tuae
913 2036 1087 2102 pignus
1126 2035 1393 2104 reliquisti.

544 2106 758 2158 Proinde
793 2107 912 2157 haec
944 2113 1137 2170 omnia,
1169 2107 1470 2162 Sereniffime
1506 2109 1763 2175 PrincepS,
1795 2106 1884 2157 tibi
1922 2123 2026 2172 gra-

395 2179 554 2240 tulor,
594 2183 677 2234 sed
716 2182 835 2233 illud
877 2182 1198 2252 potissimum,
1234 2183 1372 2254 quod
1412 2198 1463 2233 te
1506 2188 1727 2234 noverim
1765 2184 1913 2233 etiam
1949 2198 2024 2233 er·

393 2268 451 2318 ga
490 2256 678 2309 Literas
712 2274 877 2308 amore
913 2254 1058 2318 ferri,
1094 2260 1259 2328 eisque
1299 2275 1502 2326 operam
1540 2256 1654 2308 date
1697 2256 1887 2307 lubenti
1927 2260 2029 2309 ani-

393 2343 500 2380 mo.
543 2330 741 2382 Scilicet
776 2347 963 2383 mature
993 2335 1085 2397 jam
1118 2333 1380 2398 agnovisti,
1415 2332 1540 2393 illas,
1578 2335 1772 2401 quoties
1804 2334 1855 2382 in
1891 2333 2027 2384 Ptin-

394 2403 527 2472 cipes
573 2410 777 2468 coeant,
818 2407 1084 2476 plurimum
1123 2407 1276 2460 laudis
1316 2405 1576 2469 conferte,
1615 2422 1765 2478 atque
1801 2407 1862 2459 ad
1898 2405 2028 2480 bene

1774 2498 1947 2549 tegen-
