2279 3006
522 208 603 249 335
788 191 1232 251 ANTJQM‘R
1283 189 1543 238 MEDJJ
1587 193 1775 239 ΑΕνι
1947 199 2040 255 '336

456 253 607 298 nonymi
637 251 876 295 Ravennatis,
913 264 1015 299 quem
1045 254 1219 289 Guidonem
1259 264 1293 298 A
1336 269 1426 290 rum.
1474 257 1521 290 Et
1562 253 1648 289 istud
1677 256 1804 291 Forum
1834 262 1957 291 notum
1986 258 2031 293 est
2058 259 2094 297 in

456 302 675 350 Presbyterum
716 308 938 338 Ravennatem
964 317 983 339 a
1014 305 1151 341 Blondo
1178 304 1216 341 δί

457 355 608 390 Galateo
635 354 721 388 olim
752 362 981 389 memoratum
1011 354 1109 391 fuisse
1137 357 1216 405 opi-

458 414 588 449 natur,
630 404 759 450 fibique
800 403 904 440 serius
931 407 1035 452 quam
1067 408 1215 444 Porche-

455 455 597 494 ronius,
640 453 867 499 Leibnitius,
908 453 946 492 &
985 456 1048 493 alii
1076 458 1214 495 censue-

454 515 537 541 runt
554 536 561 545 ,
593 503 745 540 floruisse
772 505 935 542 videtur.
963 507 1028 543 Sed
1055 509 1213 558 quisquis

454 556 519 593 ille
545 554 676 595 fuerit,
700 554 756 591 ’δε
799 569 1020 607 quocumque
1056 569 1213 608 tempore

454 606 518 643 illa
554 606 656 652 plane
694 605 858 643 informis
885 607 1083 660 vitiataque
1119 614 1212 648 Geo-

455 654 700 704 graphicarum
744 671 858 694 rerum
912 658 1048 709 farrago
1098 660 1212 698 literis

451 704 652 755 consignata
693 706 824 748 fuerit,
867 710 924 745 vel
952 711 994 745 ab
1021 712 1096 755 ipso
1122 713 1212 748 Gui-

450 755 541 792 done
558 785 568 802 ‚
610 758 667 793 vel
694 759 736 794 ab
763 759 884 808 aliquo
927 761 1000 809 ejus
1026 762 1212 811 Epitoma-

449 814 549 842 tore:
580 807 670 844 illud
697 809 788 846 mihi
816 819 950 846 certum
978 812 1043 852 est,
1081 813 1213 849 nullius

450 856 520 892 hoc
548 859 629 894 loco
657 860 818 907 ponderis
846 861 1000 897 futuram
1028 863 1092 898 effe
1113 863 1213 899 nobis

450 908 639 956 Scriptoris
659 910 756 946 istius
777 911 1044 947 auffioritatem.
1067 914 1098 947 Is
1119 912 1213 952 enim

451 958 577 994 miscet
617 958 655 995 ὅ(
685 960 870 996 confundit
897 961 1022 997 Italiae
1061 962 1184 999 statum
1206 990 1214 1006 ,

451 1010 567 1057 qualis
594 1010 684 1046 olim
712 1010 782 1046 fuit
809 1010 952 1060 vigente
974 1014 1214 1049 Romanorum

453 1059 676 1108 Republica,
718 1074 798 1096 curn
841 1074 882 1097 eo
924 1061 1010 1098 statu
1027 1091 1036 1107 ,
1078 1064 1115 1099 in
1145 1077 1215 1111 quo

453 1110 528 1159 ipsa
556 1111 756 1147 consistebat
782 1113 906 1148 Seculo
935 1115 1036 1149 V111.
1064 1115 1121 1150 vel
1152 1117 1215 1149 lx.

453 1175 563 1211 quum
599 1169 717 1198 tamen
754 1161 919 1198 immanis
960 1163 1120 1199 locorum
1148 1164 1217 1200 im-

455 1213 612 1249 mutatio
655 1212 861 1260 subsequuta
904 1212 1049 1253 fuiffet,
1086 1214 1138 1250 ita
1179 1223 1218 1250 ut

458 1263 616 1300 neutrius
644 1264 797 1313 effigiem
826 1264 911 1299 bene
937 1263 1218 1313 conspiciamus.

457 1317 640 1350 Praeterea
669 1314 698 1349 is
725 1315 819 1350 inter
845 1314 957 1349 Urbes
983 1315 1135 1351 recenset
1159 1324 1219 1351 aut

457 1364 616 1400 minutos
658 1365 790 1406 Vicos,
831 1374 892 1400 aut
918 1363 1089 1403 Castella,
1132 1378 1219 1412 quae

458 1427 638 1461 nunquam
681 1415 722 1450 ad
765 1414 977 1462 dignitatem
1017 1413 1123 1450 Urbis
1167 1414 1218 1450 as-

458 1464 659 1500 surrexere:
704 1464 741 1499 ἃ
770 1474 892 1498 contra
928 1464 1091 1506 omittit,
1134 1477 1221 1510 quae

457 1515 679 1563 temporibus
707 1512 897 1549 barbaricis
925 1512 962 1547 in
991 1513 1122 1548 honore
1148 1512 1221 1548 fue-

457 1579 515 1601 re.
541 1565 663 1601 Paucis
683 1562 856 1612 exemplis
877 1562 1085 1598 sententiam
1107 1576 1219 1598 meam

455 1616 630 1652 firmabo.
671 1616 784 1651 Libro
825 1613 986 1658 QuinEio
1026 1614 1113 1662 Cap.
1158 1626 1219 1661 33.

455 1667 529 1716 post
559 1665 777 1702 Placentiam
820 1664 932 1699 Urbes
973 1664 1053 1699 istae
1097 1665 1138 1700 ab
1166 1667 1218 1700 A-

455 1730 615 1761 nonymo
636 1723 978 1752 commemorantur:
997 1715 1098 1759 Julia
1117 1717 1218 1759 Chry-

450 1767 569 1813 sopolis
582 1793 592 1809 ,
619 1780 697 1813 quae
716 1766 757 1808 est
775 1770 893 1801 Parma
903 1778 917 1798 .·
937 1766 1092 1800 Bet-illum
1113 1765 1219 1813 (idest

457 1818 666 1864 Brixellum)
696 1816 975 1864 antiquissimum
1004 1815 1082 1852 sane
1106 1817 1218 1863 Oppi-

455 1870 564 1907 dum,
593 1866 630 1903 δέ
658 1868 812 1903 Colonia
841 1867 929 1903 olim
960 1867 1112 1902 Romani
1153 1869 1218 1903 Po-

454 1919 553 1967 puli,
602 1917 655 1953 sed
704 1931 723 1954 a
750 1916 994 1967 Langobardis
1035 1918 1218 1963 excisum,

454 1969 493 2006 &
522 1982 700 2017 nunquam
730 1968 875 2016 pristino
917 1968 1091 2016 splendori
1122 1969 1217 2005 resti-

452 2029 592 2056 tutum.
622 2024 798 2055 Tanetum.
827 2021 937 2056 Vicus
965 2019 1023 2055 hic
1050 2019 1119 2055 fuit
1145 2022 1215 2055 Ro-

453 2082 638 2106 manorum
668 2083 782 2110 aevo,
824 2070 862 2108 &
905 2070 928 2104 sl
967 2070 1073 2106 etiam
1103 2070 1215 2105 mavis

453 2121 663 2170 Oppidum,
701 2120 742 2156 de
779 2134 849 2168 quo
890 2120 1055 2168 legendus
1083 2121 1215 2157 Cluve-

452 2173 547 2211 rius,
589 2171 686 2218 cujus
724 2185 864 2219 quoque
893 2171 976 2206 Vici
1004 2184 1132 2207 nomen
1161 2170 1213 2207 su-

452 2221 582 2270 perest;
613 2221 665 2256 sed
696 2223 827 2256 nullam
857 2220 956 2258 fuisse
983 2221 1056 2269 ejus
1097 2222 1213 2266 digni·
1246 2246 1254 2261 .

453 2282 564 2308 tatem
593 2271 733 2321 opinari
760 2272 869 2312 licet,
909 2272 1152 2320 Langobardis
1180 2271 1216 2309 &

454 2323 597 2359 Francis
627 2323 661 2357 in
691 2322 797 2358 Italia
834 2323 1082 2371 regnantibus.
1119 2324 1215 2367 Lepi-

452 2380 528 2410 dum
555 2374 716 2422 Regium,
756 2374 918 2415 Mutina,
960 2376 1078 2409 forum
1104 2375 1214 2411 Gallo-

1338 308 1495 341 Romana
1523 304 1700 345 Historia,
1742 306 1796 342 sed
1826 305 1919 342 inter
1946 309 2095 347 castella

1337 356 1634 406 computandum3
1673 357 1768 406 cujus
1795 367 1940 398 tamen,
1984 374 2094 406 quum

1336 407 1418 443 haec
1448 407 1617 442 scribebat
1643 408 1854 454 Anonymus
1883 411 2094 451 Ravennas,

1335 458 1511 494 exciderat
1553 456 1688 505 prorsus
1739 471 1899 500 nomen,
1945 459 2093 498 fortaffis

1333 509 1440 544 etiam
1489 507 1659 543 memoria
1696 509 1869 557 perierat.
1920 513 2094 556 Bononia,

1333 559 1535 593 Claternum.
1598 558 1733 607 Utique
1785 561 1872 609 apud
1917 563 2095 597 Romanos

1333 609 1523 657 Scriptores
1544 610 1728 644 Claternum
1749 623 1819 645 non
1841 611 2000 658 ignobile
2019 614 2095 658 Op-

1333 658 1451 706 pidum
1481 660 1657 695 occurrit:
1705 660 1760 694 sed
1789 673 1938 704 vereor,
1976 671 2016 696 ut
2043 663 2097 697 A-

1333 722 1490 754 nonymo
1526 710 1672 746 vivente
1714 709 1849 757 aliquid
1888 723 1934 746 ex
1972 724 2015 746 eo
2044 711 2097 747 su-

1333 760 1504 807 pereffet;
1543 762 1635 808 quod
1664 760 1686 795 fi
1716 760 1916 809 supererat3
1960 761 2096 810 jamdiu

1333 809 1369 844 in
1398 809 1568 845 humilem
1612 812 1742 846 Vicum
1785 810 1960 847 evaserat.
2009 814 2098 847 Sunt

1334 858 1371 895 ὃ(
1400 860 1468 895 alia
1496 860 1665 908 ejusmodi
1704 863 1780 896 loca
1809 861 1849 896 ad
1893 861 2097 897 Verbanum

1334 912 1496 955 Lacum,
1533 920 1637 957 atque
1676 912 1762 946 alibi
1806 911 1892 956 fita,
1933 925 2022 959 quae
2059 913 2099 947 in

1336 960 1472 996 censum
1519 962 1723 997 Civitatum
1767 962 1809 996 ab
1836 975 1877 996 eo
1921 962 2098 1010 Scriptore

1335 1010 1551 1052 referuntur,
1601 1025 1707 1060 quum
1756 1011 1992 1047 nibilominus
2035 1012 2101 1047 illa

1336 1073 1514 1109 nunquam
1568 1062 1776 1099 excesserint
1822 1063 1994 1098 Vicorum
2039 1070 2099 1097 aut

1336 1111 1567 1148 Castellorum
1597 1113 1744 1149 sortem.
1782 1114 1918 1148 Contra
1947 1115 2098 1157 Anony-

1303 1181 1305 1195 <
1337 1173 1412 1196 mus
1441 1161 1503 1197 ille
1531 1163 1642 1199 veluti
1671 1165 1829 1212 ignotam
1854 1163 2020 1211 praeterit
2040 1162 2098 1197 Ci-

1336 1211 1472 1245 vitatem
1517 1226 1631 1247 novam
1677 1215 1713 1248 in
1776 1212 1969 1248 Mutinenfi
2017 1224 2101 1260 agro

1338 1260 1516 1297 conditam
1546 1289 1556 1304 ,
1599 1263 1696 1311 cujus
1737 1263 1834 1310 supra
1880 1262 2099 1298 mentionem

1338 1311 1428 1351 feci,
1470 1312 1626 1348 nobilem
1664 1313 1742 1348 sane
1783 1315 1930 1356 locum,
1976 1321 2100 1360 utpote

1337 1361 1482 1409 dignum
1526 1364 1867 1399 commemoratione
1913 1363 1950 1399 in
1978 1363 2099 1399 Testa-

1337 1422 1457 1446 mento
1484 1413 1606 1447 Caroli
1635 1414 1784 1458 Magni.
1823 1417 1948 1459 Neque
1984 1415 2098 1448 ullum

1338 1463 1479 1497 verbum
1510 1461 1539 1496 is
1568 1462 1670 1497 habet
1698 1463 1739 1497 de
1766 1463 1862 1503 Afilo
1892 1464 2014 1508 (nunc
2041 1466 2098 1498 A-

1332 1512 1428 1559 solo)
1457 1512 1583 1548 illustri
1611 1512 1753 1559 Oppido
1771 1540 1781 1556 ,
1823 1513 1896 1560 ejus
1936 1512 2014 1548 sane
2041 1512 2097 1548 di-

1336 1562 1510 1608 gnitatis,
1553 1571 1592 1596 ut
1633 1561 1824 1597 Lotharius
1851 1563 1877 1598 I.
1922 1563 2096 1611 Augustus

1337 1613 1446 1646 Anno
1498 1613 1769 1647 DCCCXXIH.
1811 1612 1848 1646 in
1895 1611 2099 1660 Capitulari

1336 1663 1375 1695 de
1402 1662 1587 1706 Domina,
1615 1663 1671 1697 seu
1698 1664 1737 1696 de
1763 1662 1905 1701 scholis,
1933 1675 1951 1697 a
1981 1675 2037 1697 me
2063 1675 2099 1698 e-

1337 1711 1414 1747 dito
1442 1712 1480 1747 in
1519 1714 1610 1747 Part.
1649 1713 1696 1748 Π.
1724 1712 1833 1748 Tomi
1864 1714 1890 1747 Ι.
1920 1715 1998 1747 Rer.
2026 1712 2099 1748 Ita-

1337 1762 1435 1798 licar.
1463 1762 1562 1797 illius
1589 1775 1717 1798 nomen
1756 1762 1849 1798 inter
1887 1763 1998 1798 Urbes
2027 1764 2098 1798 Ita-

1338 1811 1423 1848 licas
1451 1812 1667 1848 referendum
1697 1813 1856 1861 putarit.
1906 1814 2009 1848 Plura
2054 1826 2097 1848 ex

1339 1862 1393 1898 his
1422 1863 1501 1899 vide
1529 1864 1565 1898 in
1596 1863 1860 1914 prolegomenis
1887 1877 1996 1910 nuper
2021 1865 2096 1898 lau-

1337 1913 1411 1950 dati
1440 1914 1573 1950 Beretti
1591 1942 1599 1950 .
1643 1917 1767 1962 Neque
1794 1914 1888 1950 enim
1917 1914 2015 1964 juvat
2042 1913 2097 1949 ul-

1338 1974 1391 2000 tra
1419 1979 1618 2001 excurrere.
1647 1966 1708 2001 Sed
1738 1979 1808 2002 non
1830 1965 2004 2015 ingratum
2025 1965 2096 2000 Le-

1337 2015 1427 2051 &ori
1456 2016 1561 2051 fuerit
1591 2017 1866 2065 perpendendam
1904 2015 1964 2049 fibi
2003 2013 2095 2049 acci-

1339 2080 1417 2113 pere
1457 2068 1625 2111 Bullam,
1675 2080 1777 2114 quam
1822 2067 1859 2101 in
1901 2063 2096 2100 Tabulario

1336 2119 1600 2153 Canonicorum
1653 2116 1870 2166 Regienfium
1919 2115 2096 2150 authenti-

1338 2182 1410 2203 cam
1442 2168 1517 2203 vidi
1540 2178 1641 2215 atque
1668 2166 1844 2213 descripfi.
1873 2165 2012 2212 SpeSiat
2032 2166 2095 2201 illa

1338 2219 1377 2254 ad
1408 2219 1618 2254 Guibertum
1642 2220 1879 2252 Ravennatem
1906 2215 2097 2261 Archiepi-

1335 2270 1502 2318 scopum,
1533 2269 1593 2317 qui
1623 2268 1682 2303 sub
1709 2265 1908 2302 Clementis
1937 2267 2000 2301 111.
2032 2267 2096 2301 Pa-

1334 2334 1395 2369 pae
1416 2320 1560 2356 nomine
1585 2316 1771 2353 Ecclefiam
1799 2316 1866 2352 Dei
1889 2329 2016 2353 vexare
2035 2316 2096 2353 diu

1331 2371 1509 2421 perrexit.
1536 2371 1588 2405 En
1616 2368 1714 2404 illius
1742 2368 1866 2404 verba⁰

1949 2570 2034 2606 Cle-
