2279 3006
239 232 255 260 1
265 218 322 272 85
584 212 949 257 DISSERTATIO
980 211 1392 257 DECIMANONA.'
1659 216 1740 256 186

175 272 240 310 fari
269 275 352 311 Lib.

176 337 252 360 rum
288 323 344 360 lais
379 325 522 360 verbis:
560 328 656 360 Porro
691 329 763 360 Rex
796 323 930 358 Carolus

176 374 343 421 naufragio
376 374 513 418 afstic‘lis
547 375 752 422 afflic‘lionem
789 386 928 408 accumu-

175 424 270 464 lans„
306 424 431 466 extorfit
465 424 506 460 ab
533 425 675 460 omnibus
711 423 864 472 quidquid
895 437 931 457 ex

173 473 260 508 difflo
283 475 400 517 exstitit
425 477 590 523 naufragi0
613 485 839 523 recuperatum,
868 475 932 521 poll

175 523 317 559 triduum
352 527 476 570 dicens,
512 529 592 573 quod
619 541 655 561 ex
681 526 780 573 Regis
806 525 931 559 Gmlel-

175 574 221 608 mi
247 576 458 618 constitutione
490 576 536 616 &
563 578 656 624 longa
691 575 932 618 consuetudine,

176 624 230 658 boc
255 628 385 662 debebat
414 627 483 672 suis
511 628 634 668 scrineis
660 627 814 673 applicari
827 638 843 659 .·
878 628 931 659 de-

173 674 325 718 fensiones
345 677 582 721 Januensium,
618 677 828 724 allegantium
863 688 933 709 con-

176 726 353 760 ventionem
389 741 456 762 cum
491 728 554 774 ipso
589 728 725 770 initam,
757 737 814 770 per
840 738 933 773 quam

170 774 249 819 sani
280 778 322 810 &¹
358 779 508 823 naufragi
543 778 576 812 in
609 777 748 823 personis
776 777 819 810 (9⁸
846 779 934 810 rebus

170 824 272 869 securi
307 828 341 861 in
369 829 437 874 solo
464 833 573 875 Regno
608 826 717 862 haberi
750 825 905 861 debebant
923 853 933 869 ,

174 877 301 922 penitus
328 891 388 911 non
415 879 606 912 admittens.
640 879 687 912 Et
715 890 820 925 pauca
850 876 932 911 haec

176 924 352 961 sufficiant
376 927 417 962 de
442 928 604 964 Tributis
628 928 661 962 &
689 927 932 976 VeEtigalibus

176 975 349 1012 barbarici
376 978 480 1017 aevi,
518 992 604 1025 quae
630 978 750 1014 omnia
788 991 842 1013 me
873 991 931 1013 ne-

176 1038 348 1073 quaquam
391 1029 600 1065 enumerasse
642 1042 704 1073 pro
741 1038 838 1065 certo
872 1028 932 1064 ha-

177 1077 265 1111 beo.
304 1079 409 1113 Hunc
447 1079 553 1115 etiam
592 1093 752 1128 campum
791 1079 933 1114 foecun-

176 1125 351 1163 diffimum
373 1129 514 1166 effecere
535 1130 705 1166 bellorum
733 1129 931 1167 necemus,

178 1174 215 1212 ἅ,
263 1177 489 1225 Reipublicae
535 1180 755 1216 conservatio
780 1208 790 1223 ,
836 1180 932 1227 cujus

176 1227 276 1263 nervi
304 1229 382 1264 {unt
410 1230 543 1278 publici
571 1231 730 1277 reditu33
760 1229 866 1269 aride,
895 1227 932 1263 ὃ(

177 1277 382 1325 Principum
429 1282 659 1326 quorumdam
703 1279 854 1314 ambsstio
895 1277 933 1313 ἃ

177 1326 388 1364 crudelitas.
425 1332 627 1377 Componat
659 1343 749 1364 nunc
778 1329 932 1364 eruditus

176 1376 308 1413 Lestor
331 1379 403 1426 ejus
429 1380 597 1426 temporis
622 1393 734 1414 mores
761 1391 838 1413 cum
862 1381 933 1413 Ro—

176 1439 357 1462 manorum
388 1439 544 1463 veterum
574 1428 725 1467 ritibus,
759 1428 871 1463 immo
898 1428 931 1462 &

176 1489 254 1511 cum
284 1476 424 1512 nostris:
455 1486 529 1513 tum
560 1478 658 1513 rebus
687 1479 771 1514 bene
802 1478 931 1526 perspe-

176 1525 242 1561 &is
270 1526 420 1568 statuat,
459 1528 658 1563 minora-ne
695 1542 736 1563 an
771 1529 932 1574 graviora

176 1576 262 1612 olim
294 1576 425 1613 fuerint
462 1578 601 1625 publica
632 1591 761 1613 onera.
800 1581 932 1619 Explo-

175 1637 289 1662 ratum
318 1628 447 1675 quippe
477 1627 546 1668 est,
583 1642 650 1664 non
690 1629 805 1664 minus
836 1639 932 1664 vete-

176 1690 228 1713 res
250 1678 352 1714 illos.
375 1692 461 1725 quos
488 1678 576 1714 tanti
604 1678 771 1719 facimus.
793 1678 829 1715 ἃ
852 1692 929 1715 cum

176 1729 402 1763 veneratione
430 1729 673 1773 nominamus,
701 1729 931 1777 sagaciffimos

177 1776 275 1811 fuisse
313 1778 530 1824 publicorum
563 1779 631 1816 fine
667 1793 812 1816 numero
848 1793 932 1816 one-

178 1840 253 1863 rum
271 1852 281 1868 ,
309 1829 415 1864 etiam
442 1828 681 1872 sordidorum,
707 1830 931 1870 inventores,

376 285 413 322 9.
439 274 559 310 Tomo
586 276 650 311 VI.
679 276 756 310 Rer.
786 271 928 308 Italica-
971 273 1002 307 A
1044 271 1242 320 rigidosque
1257 272 1455 309 exassores.
1471 269 1609 317 Quibus
1625 281 1741 306 autem
1757 284 1797 306 o—

1047 322 1183 357 neribus
1200 336 1289 358 nunc
1309 322 1432 371 Populi
1450 330 1637 371 graventur
1650 349 1658 364 ,
1681 333 1798 357 meum

1047 372 1249 420 investigare
1287 386 1356 408 non
1394 372 1462 409 est.
1500 371 1563 408 Sed
1600 371 1681 406 dum
1719 371 1798 418 qui-

1048 421 1127 468 sque
1156 423 1292 469 propria
1320 423 1450 467 sentit,
1481 422 1594 458 aliena
1623 424 1731 464 verb,
1761 434 1797 456 ac

1049 472 1228 519 praecipue
1256 483 1371 508 vetera
1398 474 1536 522 ignorat
1553 496 1563 513 ‚
1597 471 1634 508 in
1666 470 1722 506 sua
1749 470 1799 506 fa—

1048 521 1116 556 cile
1143 530 1300 569 tempora
1327 524 1529 563 invehitur,
1557 536 1595 558 ac
1623 521 1799 558 Mundum

1048 571 1084 606 in
1113 571 1285 608 deteriora
1312 587 1407 609 ruere
1434 573 1474 609 ad
1502 574 1604 610 inane
1633 571 1682 608 sui
1711 571 1800 606 sola-

1048 622 1138 657 tium
1169 622 1352 658 clamitat.
1389 625 1607 672 Argumento
1644 622 1725 658 huic
1758 621 1801 657 fi—

1048 685 1126 707 nem
1155 671 1303 716 faciam,
1333 686 1437 708 unum
1466 674 1711 709 tantummodo
1739 671 1798 707 ad-

1048 722 1186 765 dendo,
1224 723 1316 771 quod
1353 723 1525 771 imperitis
1560 724 1724 771 antiquae
1751 724 1799 756 E-

1049 772 1237 808 ruditionis
1275 773 1403 808 mirum
1440 773 1628 818 videatur,
1666 782 1800 809 certum

1048 833 1165 858 tamen
1193 824 1358 859 habemus
1387 836 1405 858 a
1433 824 1614 864 Salviano,
1643 824 1800 871 locuple—

1048 873 1181 909 tiffimo
1217 874 1297 910 teste
1336 873 1450 909 Seculi
1488 887 1506 908 a
1543 874 1680 910 Christo
1716 882 1799 909 nato

1047 924 1224 970 QuinRi.
1263 927 1337 961 Nos
1375 925 1550 959 horremus
1577 925 1798 961 Gothorum,

1048 977 1288 1015 Hunnorum,
1331 975 1636 1023 Langobardorum
1683 975 1799 1010 nomi-

1047 1039 1110 1061 na.
1140 1028 1310 1061 Attamen
1336 1025 1457 1060 aneton·
1481 1023 1525 1059 est
1548 1025 1638 1060 idem
1665 1025 1798 1061 Salvia-

1046 1089 1110 1112 nus
1146 1077 1229 1113 Lib.
1264 1079 1308 1111 V.
1345 1076 1387 1112 de
1423 1075 1574 1110 Gubern.
1612 1076 1709 1119 Dei,
1746 1083 1800 1109 tot

1047 1127 1211 1162 Tributis
1249 1141 1287 1162 ac
1314 1126 1478 1162 oneribus
1516 1138 1601 1159 aevo
1630 1125 1687 1161 suo
1723 1138 1799 1174 gra—

998 1188 1001 1189 ’
1047 1187 1146 1212 vatos
1172 1177 1270 1212 fuisse
1294 1177 1442 1213 Romani
1464 1175 1607 1218 Imperii
1634 1179 1778 1224 populos
1790 1200 1800 1212 a,

1047 1237 1086 1262 ut
1113 1226 1163 1262 eis
1202 1228 1305 1275 longe
1343 1227 1468 1262 melius
1496 1225 1586 1261 foret
1614 1239 1689 1261 cum
1718 1227 1801 1261 Bar-

1045 1278 1137 1313 baris
1173 1279 1206 1312 &
1244 1278 1304 1313 sub
1342 1277 1501 1313 Barbaris
1539 1277 1623 1312 effe.
1660 1277 1802 1317 Franci,

1044 1328 1116 1369 ait,
1144 1328 1197 1361 hoc
1217 1328 1319 1372 scelus
1348 1329 1504 1373 nesciunt.
1531 1328 1662 1362 chunni
1688 1329 1728 1361 ab
1754 1326 1801 1359 his

1037 1378 1204 1422 sceleribus
1239 1379 1389 1413 immunes
1420 1380 1520 1424 fimt.
1562 1378 1658 1412 Nihil
1697 1378 1801 1411 horum

1044 1428 1085 1469 eft
1111 1431 1196 1474 apud
1226 1430 1401 1464 Wandalos
1416 1454 1426 1469 ‚
1465 1429 1546 1462 nihil
1580 1429 1686 1461 horum
1714 1427 1800 1471 apud

1044 1479 1181 1512 Gothos.
1219 1482 1300 1513 Tam
1336 1480 1426 1525 longe
1453 1480 1534 1513 enim
1562 1477 1623 1519 est,
1659 1486 1695 1509 ut
1729 1476 1802 1510 haec

1045 1527 1125 1560 inter
1145 1528 1259 1561 Gothos
1279 1530 1420 1562 Barbari
1443 1532 1594 1570 tolerent,
1620 1537 1654 1559 ut
1676 1540 1712 1560 ne
1732 1530 1800 1560 Ro-

1018 1597 1020 1615 ;
1045 1577 1131 1611 mani
1158 1577 1280 1624 quidem
1296 1605 1306 1620 ,
1335 1578 1390 1624 qui
1417 1579 1498 1612 inter
1524 1591 1571 1612 eos
1596 1577 1740 1617 vIvunt‚
1772 1590 1800 1610 1-

975 1625 1008 1659 D
1038 1628 1090 1670 fta
1113 1628 1300 1674 patiantur.
1330 1631 1439 1675 Itaque
1465 1642 1560 1662 unum
1588 1627 1655 1661 illic
1681 1631 1802 1661 Roma-

1047 1691 1151 1712 norum
1179 1678 1314 1712 omnium
1346 1689 1454 1713 votum
1490 1679 1556 1720 est,
1594 1691 1630 1711 ne
1657 1691 1802 1722 umquam

1046 1742 1092 1762 eos
1119 1727 1226 1775 neceffe
1255 1728 1301 1771 fit
1328 1729 1362 1764 in
1393 1728 1450 1776 jus
1484 1728 1616 1772 transire
1643 1731 1802 1763 Romano—

1048 1792 1134 1815 rum.

1686 2581 1752 2616 DE
