2279 3006
496 221 573 249 ιη
768 177 1488 261 ANTIQUIT.MED11
1529 167 1727 243 Amr
1910 206 1997 246 ἰη

431 263 606 309 dediffent.
633 267 741 311 Quam
767 263 889 307 eausam
913 262 1085 307 diligenter
1120 264 1191 298 Ru-

434 314 553 350 &aldo
588 315 673 350 sacri
722 314 848 349 Palatii
889 314 1085 352 Cabellano
1127 326 1190 347 no—

434 365 523 405 stro,
570 380 621 400 nec
657 379 716 398 non
756 365 800 398 (9⁶
840 362 1007 399 Mam-ino
1047 362 1187 399 Comiti

434 416 567 453 Palacii
597 415 722 454 nostri,
757 414 813 459 seu
848 414 895 453 ψ’
924 414 1090 463 Adalgilo
1117 416 1187 449 Co—

434 467 517 504 miti
546 466 700 511 inquirere
725 465 932 511 precepimus,
964 465 993 505 si
1016 477 1072 511 per
1096 464 1188 506 iusti—

378 522 384 527 '
433 519 513 553 tiam
541 517 611 563 Ipsa
641 514 820 551 parafreda
844 516 899 549 vel
927 516 993 562 ipsa
1018 517 1125 551 Carra
1147 515 1187 550 ad

434 568 584 605 nostrum
637 565 823 601 servicium
863 568 1074 614 peragendum
1113 567 1188 599 dare

432 615 622 663 debuissent,
663 631 705 651 an
746 630 823 651 non.
863 620 921 652 Set
955 617 1189 663 diligemrffime

433 671 487 705 hoc
523 668 735 714 perquirentes
773 667 859 702 nobis
898 668 1161 702 renuntiaverunt
1178 691 1187 705 ‚

431 719 512 766 quod
557 729 663 753 contra
698 717 855 764 justitiam
889 718 988 762 supra
1023 727 1190 752 memorata

429 768 608 813 Parasreda
642 769 695 802 vel
727 770 831 804 eadem
857 772 959 804 Carra
995 768 1056 813 ipsi
1081 771 1188 803 Sacer-

432 824 518 856 dotes
543 817 719 864 dediffent.
754 823 955 866 ,Quapropter
981 819 1121 853 omnibus
1144 817 1189 862 fi-

431 869 558 907 delibus
599 870 707 912 nostris
744 870 955 914 precipimus,
998 880 1034 903 ut
1074 871 1190 904 nullus

433 922 596 968 deinceps
632 919 682 956 eis
716 920 757 956 de
793 920 871 968 ipfis
915 919 1106 955 Parafredis
1137 920 1189 954 vel

434 971 557 1008 Carris
586 971 717 1007 nullam
742 970 1030 1006 contrarietatem
1066 969 1191 1005 inferre

434 1021 631 1071 presumat,
670 1034 732 1057 nec
767 1022 810 1056 ad
838 1021 989 1056 nostrum
1027 1033 1190 1069 peragen-

435 1073 519 1109 dum
546 1071 725 1108 servitium
740 1099 749 1114 ‚
776 1085 840 1115 nec
859 1073 968 1108 etiam
988 1071 1095 1107 alicui
1118 1084 1193 1118 per-

436 1124 542 1160 sone:
576 1123 633 1168 sed
668 1123 764 1157 liceat
797 1123 843 1156 eis
878 1124 1002 1169 quidem
1026 1122 1193 1166 poffidere‚

436 1174 483 1212 θ
508 1186 564 1219 pro
589 1173 708 1216 nostra,
746 1173 789 1206 (9'
825 1173 936 1206 Uxoris
972 1168 1019 1208 ὠ
1052 1171 1194 1213 filiorum

436 1226 602 1268 nostrorum
642 1223 853 1258 incolumitate
895 1220 1025 1256 Domini
1065 1220 1195 1253 clemen-

435 1278 515 1311 tiam
549 1273 768 1311 delec'labilius
809 1285 954 1307 exorare.
996 1273 1043 1305 Et
1083 1280 1118 1303 ut
1146 1271 1197 1303 hec

436 1327 538 1369 nostra
578 1325 748 1361 aufioritas
781 1323 866 1357 omni
893 1323 927 1356 in
967 1331 1099 1364 tempore
1134 1319 1196 1362 fir-

437 1378 515 1410 mior
541 1378 734 1419 habebatur,
777 1376 819 1409 <9⁴
844 1385 900 1421 per
921 1373 1035 1417 futura
1062 1380 1197 1415 tempora

438 1427 670 1461 inviolabiliter
695 1426 909 1469 conservetur,
943 1424 982 1457 de
1019 1421 1115 1456 anulo
1142 1432 1197 1453 no-

429 1478 496 1519 stro
518 1476 625 1520 subter
644 1475 787 1521 sigillari
812 1474 982 1519 juffimus.

491 1529 574 1564 Non
600 1525 688 1561 adest
715 1523 923 1570 subscriptio
951 1518 1197 1568 Imperatoris.

489 1576 711 1613 Drufiemirus
745 1575 963 1610 ,subdiaconus
998 1582 1091 1618 atque
1130 1572 1198 1604 No-

439 1629 542 1664 tarius
570 1629 613 1663 ad
638 1628 739 1662 vicem
766 1624 930 1661 Abumari
956 1620 1139 1668 recognovi.

489 1683 581 1715 Data
616 1681 727 1712 Nonas
763 1674 906 1712 Martii,
942 1677 1043 1708 ,Anno
1079 1670 1200 1713 Christo

436 1728 576 1776 propitio
616 1725 745 1772 Imperii
780 1725 913 1759 Domini
949 1723 1113 1757 Hlotbauii
1151 1722 1200 1769 pii

439 1777 639 1825 Imperatoris
666 1777 771 1811 XVII.
799 1774 978 1809 Indis-fliam
1006 1776 1098 1809 ΧΙΙῙ.

489 1828 614 1863 „Mum
655 1826 803 1873 Sexpilas
843 1826 974 1860 Palacio
1013 1825 1125 1872 regio,
1166 1823 1199 1858 in

438 1881 504 1916 Dei
532 1878 653 1912 nomine
673 1877 830 1921 feliciter.
858 1880 987 1912 ffinen.

492 1932 616 1976 Neque
666 1926 873 1963 infelicitati
912 1927 1083 1962 duntaxat
1109 1933 1198 1960 tem-

440 1993 563 2030 porum
607 1979 750 2014 illorum
790 1977 1014 2013 tribuendum
1057 1976 1123 2010 hoc
1159 1989 1199 2010 o—

440 2045 527 2067 nus.
565 2029 604 2065 In
642 2027 704 2064 usu
741 2028 810 2066 fuit
849 2027 887 2064 ἃ
929 2028 989 2063 sub
1030 2026 1199 2062 Romanis

441 2079 744 2124 Imperatoribus‚
781 2089 883 2126 atque
922 2082 963 2114 ab
992 2077 1094 2125 ipfius
1123 2079 1199 2112 Au-

440 2132 526 2181 gusti
572 2140 761 2178 tempore,
801 2131 917 2171 Cursus
958 2129 1199 2170 vehicularius,

439 2195 543 2231 quern
582 2181 737 2225 Fiscalem
772 2183 802 2217 ὃ(
841 2181 1007 2215 Publicum
1041 2178 1105 2214 alii
1142 2192 1200 2225 ap—

440 2235 600 2284 pellant.
638 2231 754 2268 Nobis
793 2244 884 2267 nunc
921 2232 954 2264 la
983 2229 1076 2271 Posta
1111 2229 1200 2264 dici-

440 2295 522 2320 tur.
563 2281 728 2329 Disposui
759 2295 884 2328 nempe
911 2289 1009 2316 erant
1037 2280 1078 2315 ad
1107 2290 1199 2315 certa

440 2335 596 2383 passuum
623 2333 740 2369 millia
766 2333 848 2381 equi
877 2333 911 2367 8<
941 2341 1103 2378 carpenta
1121 2358 1130 2374 ,
1161 2339 1200 2366 ut

441 2387 565 2422 literae
604 2398 624 2419 e
665 2383 861 2432 provinciis
901 2382 1116 2430 quamcitius
1158 2380 1200 2416 ad

443 2436 644 2480 Principem
669 2435 910 2476 deferrentur,
945 2435 979 2468 ὃς
1017 2432 1201 2481 Magistra-

441 2498 499 2521 tus
527 2484 733 2532 diligentius
762 2486 830 2520 iter
857 2484 1097 2520 absolverent.
1126 2485 1201 2517 Au-

443 2536 524 2573 relii
555 2536 710 2572 Viffioris
744 2535 825 2573 sunt
863 2535 967 2571 verba
1003 2533 1041 2569 in
1076 2534 1201 2582 Traja-

1224 262 1258 297 Α
1302 275 1346 296 no
1363 273 1372 295 ς
1392 260 1571 306 Λ4ΝοῙι-εηᾶιζς
1598 261 1699 300 ocius,
1736 274 1814 308 quae
1839 275 1855 296 e
1882 260 2058 307 Republica

1297 315 1511 358 gerebantur,
1547 312 1673 344 admota
1710 312 1811 347 media
1843 314 1961 358 publici
1988 324 2057 346 cur-

1295 363 1369 406 sus.
1407 362 1575 407 Reliquos
1613 360 1708 396 testes
1743 362 1895 402 omitto,
1933 363 1984 398 uti
2021 363 2056 397 &

1302 415 1411 459 Leges
1439 412 1583 447 Comcis
1621 410 1851 448 Theodofiani
1881 426 1919 448 ac
1955 412 2055 456 justi-

1302 462 1440 505 nianei,
1469 462 1526 497 ubi
1556 459 1723 508 ejusmodi
1753 463 1929 511 Angariae
1958 476 2055 498 men-

1301 513 1353 548 tio
1382 526 1450 547 non
1489 512 1592 546 semel
1620 513 1797 548 occurrit.
1836 516 1952 560 Equos
1981 514 2055 560 eju-

1301 563 1410 598 smodi
1440 576 1478 598 ac
1513 563 1673 598 vehicula
1713 563 1948 599 provinciales
1986 564 2054 598 fere

1299 614 1431 652 semper
1452 613 1614 661 praestare
1634 613 1745 648 coaffi
1759 611 1780 648 .’
1796 616 1973 649 Interdum
1997 627 2056 649 ve-

1300 669 1337 700 ro
1375 664 1409 698 id
1448 677 1536 699 onus
1572 678 1590 699 a
1629 665 1745 709 probis
1784 664 2056 712 Imperator-ibus

1298 715 1496 753 remissum,
1523 716 1555 749 &
1577 728 1594 749 a
1615 714 1717 749 Fisco
1740 713 1951 762 susceptum.
1981 713 2058 749 Post

1299 765 1571 801 declinationem
1617 765 1759 809 Imperii
1802 765 1951 800 Romani
1997 765 2056 799 sub

1303 816 1542 864 Langobardis
1570 814 1606 851 ὅ(
1638 815 1777 851 Francis
1805 815 1896 850 idem
1926 813 2058 850 Cursus

1304 866 1531 914 perduravit;
1561 880 1599 902 ac
1627 866 1893 901 dominannbus
1922 866 1958 899 in
1988 866 2059 899 Ita-

1303 918 1350 952 lia
1387 917 1516 952 Gothis
1553 918 1642 952 nihil
1680 918 1721 952 de
1756 915 1925 963 ejusmodi
1964 928 2059 950 more

1304 968 1529 1003 immutatum
1549 995 1557 1003 .
1602 969 1729 1001 Veredos
1768 968 1801 1001 8<
1847 969 2062 1000 Para-veredos

1303 1019 1343 1053 ad
1372 1019 1438 1053 hoc
1466 1018 1676 1057 destinatos,
1713 1017 1883 1052 sumtibus
1916 1015 2059 1063 quidem

1305 1069 1570 1104 provinciarum
1599 1096 1608 1109 .
1653 1068 1873 1116 Capitularia
1925 1068 2060 1114 Regum

1305 1122 1516 1155 Francorum
1560 1118 1728 1154 infinuare
1771 1118 1965 1153 videntur.
2009 1118 2062 1151 At

1270 1193 1275 1198 ·
1304 1170 1393 1204 olim
1423 1171 1571 1205 minime
1598 1170 1701 1205 licuit
1730 1168 1856 1216 (quod
1896 1179 1986 1202 nunc
2023 1165 2062 1200 in

1306 1217 1366 1252 usu
1394 1219 1470 1263 est)
1500 1221 1646 1264 privatis
1685 1219 1837 1266 personis
1873 1215 2063 1252 vehicularii

1305 1268 1408 1311 cursus
1435 1268 1620 1315 diligentia
1649 1271 1722 1304 uti:
1763 1268 1800 1303 &
1828 1267 1850 1302 si
1879 1266 2064 1315 quisquam

1306 1317 1350 1351 est
1378 1317 1476 1356 usus,
1516 1318 1683 1364 peculiari
1721 1318 1814 1352 dono
1842 1330 1880 1352 ac
1918 1317 2064 1365 privile-

1306 1368 1366 1413 gio
1404 1367 1578 1412 Principis
1615 1368 1650 1401 id
1690 1369 1745 1401 illi
1785 1368 2063 1402 concedebatur.

1308 1417 1347 1450 In
1376 1428 1450 1450 eam
1479 1428 1548 1450 rem
1579 1416 1623 1450 est
1650 1417 1726 1450 Lex
1756 1417 1910 1449 Honorii
1940 1419 2065 1456 Augu-

1306 1465 1345 1501 sti
1374 1465 1546 1514 jubentis:
1577 1469 1627 1500 Ne
1653 1466 1723 1511 quis
1750 1466 1795 1499 ibi
1821 1465 1962 1511 deinceps
1982 1467 2065 1498 Cur-

1278 1521 1373 1561 'Jum
1410 1516 1571 1562 publicum
1613 1516 1763 1560 privatus
1803 1516 1927 1561 usurpet
1952 1538 1962 1553 ,
2004 1513 2066 1555 m'fi

1308 1580 1401 1613 quum
1428 1576 1484 1601 aut
1509 1581 1530 1600 a
1557 1566 1645 1598 nobis
1672 1575 1836 1605 evocatur,
1873 1575 1929 1600 aut
1956 1579 1976 1599 a
2002 1565 2065 1599 cle-

1235 1621 1269 1654 D
1308 1617 1442 1652 mentiae
1469 1616 1586 1658 nostrae
1612 1616 1812 1649 veneratione
1837 1616 1989 1661 discedit.
2016 1616 2065 1650 E-

1306 1677 1386 1703 rant
1414 1666 1452 1703 &
1481 1668 1521 1702 ad
1550 1666 1616 1701 hoc
1653 1679 1740 1713 opus
1778 1674 1895 1713 parata
1923 1664 2067 1712 navigia

1310 1719 1530 1765 (Dromones,
1566 1718 1599 1752 &
1638 1720 1748 1752 Naves
1775 1715 1923 1759 cursorius
1949 1715 2068 1762 appel-

1310 1770 1455 1811 labant,
1493 1781 1682 1816 eorumque
1719 1766 1855 1801 mentio
1896 1764 1941 1800 est
1977 1763 2068 1812 apud

1311 1819 1492 1855 Sidonium
1523 1819 1605 1855 Lib.
1643 1818 1670 1854 I.
1710 1817 1862 1866 Epistola
1889 1816 1960 1863 V.)
1987 1814 2067 1863 qui-

1309 1871 1371 1906 bus
1394 1898 1403 1914 ,
1430 1869 1453 1904 fi
1480 1883 1566 1918 opus
1594 1878 1693 1908 erat,
1730 1881 1790 1914 per
1819 1865 1971 1905 fluvios,
2008 1877 2067 1911 per

1310 1922 1405 1956 lacus
1427 1949 1436 1964 ‚
1479 1934 1538 1968 per
1575 1919 1663 1955 {irus
1699 1917 1959 1954 advehebantur
1994 1916 2066 1950 Ta·-

1311 1970 1473 2010 bellarii,
1502 1970 1749 2019 Magistratus,
1786 1968 1895 2009 aliive
1921 1967 1958 2000 in
1986 1965 2067 1999 offi-

1312 2023 1369 2058 cio
1415 2020 1589 2069 Principis
1632 2021 1768 2068 positi:
1816 2029 1915 2065 quem
1958 2015 2067 2051 ritum

1224 2061 1288 2108 *El
1313 2072 1502 2108 barbaricis
1541 2085 1680 2120 quoque
1706 2068 1922 2116 temporibus
1950 2065 2067 2102 obser-

1314 2133 1432 2159 vatum
1453 2151 1462 2165 ‚
1493 2122 1671 2158 neceffitas
1698 2129 1757 2156 aut
1783 2117 1920 2153 utilitas
1952 2116 2069 2164 publi-

1314 2173 1347 2210 ci
1384 2173 1568 2223 regiminis
1605 2169 1799 2221 persuadet.
1839 2167 2012 2215 Ulpianus
2042 2167 2070 2200 i-

1314 2224 1528 2269 nexcusabilia
1554 2236 1646 2258 onera
1681 2220 1763 2255 haec
1792 2219 1944 2267 appellat
1972 2218 1995 2252 l.
2022 2216 2070 2261 fi—

1312 2274 1551 2320 deicornmiffum
1586 2274 1621 2309 ff.
1656 2273 1694 2306 de
1732 2269 1864 2315 judiciis
1892 2295 1901 2304 .
1940 2267 1992 2303 lta
2032 2268 2070 2303 in

1315 2327 1476 2362 formulis
1514 2320 1742 2370 Lindebrogii
1779 2322 1866 2368 Cap.
1898 2331 1953 2355 12.
1984 2318 2071 2366 Epi-

1316 2377 1418 2426 scopo
1444 2372 1647 2412 conceditur
1674 2371 1881 2407 immunitas
1910 2383 1928 2404 a
1952 2373 2070 2404 Nava-

1314 2429 1340 2462 li
1375 2430 1429 2462 vel
1464 2425 1592 2462 Carrali
1626 2423 1813 2458 evefffione:
1848 2434 1937 2468 quae
1965 2420 2070 2455 verba

1316 2479 1500 2521 indicant,
1534 2486 1618 2511 tunc
1656 2487 1759 2509 onere
1796 2472 1858 2508 isto
1886 2481 2070 2521 gravatum

1316 2528 1414 2565 fmffe
1453 2530 1648 2577 Populum.
1683 2524 1841 2561 Accedat
1868 2524 1909 2559 ad
1944 2520 2005 2556 ista
2031 2532 2071 2555 οι

1938 2583 2019 2606 nera
