2279 3006
248 235 334 283 σε,
534 223 902 268 DISSERTATIO
943 221 1487 282 VIGESJMAQJARTA.
1684 232 1768 281 ⁶70

188 338 317 373 ECCE
345 336 519 373 Dons
545 336 736 373 DOMINI
763 335 1058 371 PERPVLCRO
1084 335 1319 371 CONDITA
1340 333 1515 369 TExTv

187 413 410 453 EMICAT‚
438 414 505 450 ET
532 414 691 449 VARIO
717 412 918 449 FVLGET
947 410 1224 446 DISTINCTA
1252 410 1529 450 METALLQ

189 489 455 526 MARMORA
476 491 564 527 CVI
588 489 828 526 PRETIOSA
850 486 1030 526 DED1T‚
1056 487 1377 533 MVSEVMQVE
1391 513 1401 531 ,
1426 486 1730 524 coLvMNAs.
1752 484 1824 525 &a

188 591 278 627 Sunt
297 590 358 639 qui
387 591 476 628 hanc
506 591 777 640 Inscriptionem
797 590 952 627 referunt
987 589 1019 623 A
1057 587 1166 623 tican.
1195 596 1409 624 memoratur
1436 587 1578 629 Basilica
1604 588 1719 624 sanai
1744 593 1824 625 An-

189 642 232 677 ad
260 642 447 679 Ecclesiam
474 643 592 679 Sancti
621 641 788 678 Anastafii
817 645 950 677 Romae

191 692 363 741 politam,
392 704 496 742 atque
533 694 625 730 inter
661 693 749 729 alios
779 695 949 728 Bri-Can—

190 744 291 790 gius‚
319 744 360 779 ad
389 758 511 781 vocem
540 745 714 792 Museum;
752 742 808 778 sed
836 743 950 778 mani-

189 793 273 830 festo
309 808 441 831 errore.
480 796 520 831 In
557 808 597 830 eo
630 794 723 828 enim
763 795 948 842 Epigram-

187 854 282 879 mate
321 846 693 880 LEVTBRANDVS
733 846 809 879 Rex
843 843 949 880 diser·

188 894 236 930 tis
265 895 377 929 verbis
405 893 537 930 dicitur
557 894 703 943 Templi
730 895 830 931 illius
850 897 947 931 Con-

187 943 301 978 ditor.
329 945 362 979 Is
381 954 505 994 ,autem
537 947 670 980 Romae
696 947 835 981 nullum
864 959 948 982 con-

185 993 335 1030 struxit.
364 996 444 1030 Hoc
481 995 589 1031 etiam
628 996 742 1037 vidit,
779 1007 884 1045 atque
911 1011 947 1032 a—

184 1054 281 1091 perte
322 1044 421 1081 fass'us
459 1045 503 1080 est
539 1046 740 1082 cardinalis
776 1048 947 1084 Batonius
986 1039 1015 1074 Β

184 1093 222 1130 in
255 1096 458 1142 Appendice
486 1097 526 1132 ad
556 1097 687 1133 Annal.
719 1097 946 1134 Ecclefiastic.

185 1146 293 1181 Tom.
327 1158 382 1182 12.
412 1146 613 1183 Mediolani
641 1162 782 1196 quoque
809 1149 946 1185 Odeum

182 1196 430 1233 celeberrimae
481 1198 649 1234 Bafilicae
694 1198 947 1236 Ambrofianae

183 1244 245 1282 sub
282 1248 472 1284 Ludovico
512 1250 575 1284 Pio
614 1250 770 1298 Augusto
807 1250 948 1287 circiter

181 1298 330 1333 Annum
368 1300 674 1336 DCCCXXXVI.
710 1310 873 1337 ornatum
902 1301 947 1337 est

182 1348 338 1390 Muli-vv,
370 1351 463 1395 quod
501 1351 644 1387 laminis
672 1352 780 1388 aereis
809 1351 947 1399 expres-

182 1395 225 1433 stt
246 1411 285 1434 ac
309 1398 498 1437 illustravit
525 1401 733 1437 Puricellius
754 1402 790 1436 in
810 1401 946 1436 Monu—

182 1448 314 1484 mentis
335 1450 501 1484 Bafilicae
521 1449 793 1485 Ambrofianae.
817 1449 944 1486 Ciam-

181 1497 301 1544 pinius
327 1506 443 1532 autern
475 1497 645 1546 ignorasse
672 1499 833 1536 videtur.
871 1499 945 1535 Ca·

180 1559 293 1594 puana
330 1560 471 1595 quoque
509 1548 661 1583 Ecclesia
697 1559 759 1583 aut
799 1549 944 1583 cadente

180 1598 306 1633 Seculo
344 1600 405 1632 lx.
441 1605 502 1631 aut
537 1597 681 1632 ineunte
723 1599 765 1632 X.
802 1597 944 1633 Mufivo

182 1647 293 1682 adhuc
321 1645 443 1682 illaeso
480 1656 647 1682 exornata
685 1646 858 1683 creditur.
895 1650 942 1684 F.-

182 1697 415 1745 pigi-ammata
455 1696 534 1731 illic
575 1696 682 1745 posita
724 1698 847 1734 attulit
884 1698 942 1735 U-

181 1747 333 1796 ghellius
368 1748 475 1784 Tom.
512 1750 543 1784 6.
585 1749 664 1783 Ital,
702 1750 791 1784 Sacr.
832 1750 940 1785 Muss-

181 1810 265 1833 vum
304 1797 429 1833 deinde
466 1797 642 1846 integrum
680 1798 814 1845 publici
855 1800 941 1848 juris

178 1847 267 1884 fecit
304 1849 545 1896 praelaudatus
581 1847 833 1898 CiampiniuS.
869 1853 939 1888 Le·

181 1899 279 1948 gitur
305 1899 381 1935 ibi:

209 2013 399 2039 vxTREVM
427 2014 553 2039 mim'r
583 2014 664 2040 VGO
693 2014 914 2040 DECOREM.

180 2101 447 2140 Inobservatum
476 2103 637 2140 dimittas
657 2104 768 2141 nolim
797 2106 936 2140 locum:

181 2152 264 2188 haec
292 2155 386 2190 enim
417 2155 542 2198 verba,
570 2169 638 2190 non
669 2157 720 2191 uti
752 2158 935 2191 Du—Can-

162 2203 258 2251 ‘gius
286 2205 378 2239 idem
409 2205 542 2240 censuit
579 2206 614 2241 in
644 2207 790 2241 Gloffar.
820 2207 938 2242 Latin.

177 2254 328 2297 fenestras
353 2255 471 2289 vitreas
501 2255 717 2303 significant:
748 2257 840 2304 quod
867 2271 937 2293 cer-

181 2312 218 2338 te
245 2304 432 2340 minimum
471 2306 606 2348 fuisset,
644 2321 705 2343 nec
745 2321 939 2343 memoran-

182 2352 294 2403 durng
333 2354 385 2390 sed
415 2356 567 2393 innuunt
602 2358 770 2395 Musivum
807 2358 938 2407 ipsum.
965 2384 967 2388 -

176 2405 258 2440 Hoc
293 2406 386 2441 enim
427 2421 469 2443 ex
508 2408 630 2444 vitreis
671 2409 810 2444 tessellis
849 2410 936 2445 varii

181 2456 309 2490 coloris
352 2458 569 2497 commetum
614 2458 711 2506 supra
753 2462 812 2496 dix
834 2474 930 2496 mus.

179 2506 283 2541 Petro
314 2505 455 2542 Manlio
494 2510 658 2545 scribenti
689 2510 830 2545 circiter
863 2515 932 2545 An-

170 2568 260 2598 num
285 2557 475 2595 MCLxx.
494 2561 533 2597 in
553 2561 684 2597 Histor.
704 2561 840 2598 Bafilic.
861 2565 934 2598 Va-

1053 639 1122 684 gcli
1150 638 1282 683 mirifico
1313 638 1441 680 Musibo
1478 640 1628 686 laqueata
1653 644 1749 675 Auro
1775 639 1822 678 &³

1059 690 1166 724 Virro.
1204 689 1301 725 Hinc
1330 689 1437 725 etiam
1465 690 1528 726 lux
1557 690 1720 731 accedet,
1759 704 1823 738 pu—

1059 749 1116 779 to,
1145 739 1294 775 verfibus
1318 740 1539 788 Apollinaris
1568 741 1732 784 Sidonii,
1760 741 1820 776 de-

1056 789 1239 826 scribentis
1271 788 1446 839 Cryptam
1484 790 1724 840 Lugdunenfis
1753 792 1822 828 Ba·

1056 840 1193 886 filicae,
1220 840 1303 877 Lib.
1333 853 1365 877 2.
1394 840 1500 890 Epist.
1533 854 1589 879 ιο.

1105 946 1160 979 Ac
1179 942 1241 988 sub
1265 941 1501 984 verficoloribus
1520 942 1644 992 figuris

1107 1021 1248 1054 Vernans
1273 1017 1406 1054 herbida
1431 1019 1553 1063 crusta,
1574 1020 1770 1069 saphyratos

1105 1093 1226 1130 fle—&ie
1248 1105 1306 1143 per
1327 1094 1491 1144 prafinum
1519 1096 1644 1131 Vitrum
1668 1097 1820 1145 lapillos.

1054 1195 1214 1244 Angelus
1241 1195 1282 1232 de
1310 1198 1412 1233 Nuce
1439 1195 1476 1232 in
1506 1196 1615 1233 Notis
1640 1197 1681 1234 ad
1721 1211 1821 1246 prae-

1053 1247 1194 1283 laudata
1221 1246 1383 1283 Ostienfis
1412 1247 1518 1284 verba
1547 1248 1679 1293 tradit,
1708 1248 1821 1291 Must-

1053 1311 1130 1332 vum
1157 1308 1231 1344 opus
1258 1312 1294 1332 ex
1313 1298 1501 1342 seffllibus,
1528 1300 1702 1346 parvisque
1727 1299 1821 1335 varii

1052 1348 1161 1382 coloris
1186 1347 1316 1388 crustis,
1353 1349 1396 1380 (9⁹
1431 1349 1557 1394 lapillis
1582 1349 1671 1390 terfis
1697 1360 1821 1396 compa—

1053 1396 1138 1431 c‘Ium
1164 1395 1211 1435 &⁶
1238 1396 1447 1442 teffellatum,
1485 1410 1572 1433 omne
1603 1412 1705 1445 genus
1736 1400 1821 1434 ima·—

1048 1447 1163 1492 ginum
1190 1447 1437 1491 repraesentare.
1467 1447 1535 1482 Vir
1561 1448 1685 1484 doetus
1714 1448 1820 1497 ign-0-

981 1486 1013 1519 C
1052 1495 1136 1529 raffe
1165 1494 1331 1534 videtur,
1368 1494 1509 1531 Mufiva
1537 1510 1608 1533 non
1636 1512 1679 1534 ex
1707 1498 1820 1549 Lapi-
1877 1510 1880 1514 '

1052 1543 1121 1584 de,
1148 1543 1204 1579 sed
1232 1558 1275 1581 ex
1304 1545 1400 1581 vitro
1428 1546 1600 1584 constare.
1628 1550 1752 1598 Atque
1774 1563 1819 1587 ex

1052 1594 1106 1630 his
1133 1609 1152 1631 e
1181 1595 1325 1645 vestigio
1355 1597 1556 1644 assequare,
1588 1613 1648 1636 cur
1678 1602 1818 1650 Agnei-

1051 1646 1104 1681 lus
1140 1646 1178 1682 in
1208 1647 1305 1682 Vitis
1334 1647 1642 1697 Archiepiscopor.
1674 1654 1815 1688 Raven-

1050 1706 1122 1732 nat.
1151 1699 1239 1744 Cap.
1268 1709 1300 1732 2.
1332 1698 1437 1734 Vitae
1466 1699 1583 1735 Sancti
1617 1702 1818 1738 Maximia-

1051 1747 1087 1781 ni
1117 1746 1312 1795 scripserit:
1345 1749 1517 1789 Ecclesiam
1544 1752 1631 1785 beati
1658 1753 1816 1799 Stephani

1047 1797 1252 1841 pulcherrime
1274 1798 1423 1838 ornavit,
1451 1798 1498 1837 «ἔφ’
1521 1802 1554 1833 in
1577 1803 1718 1836 Cameris
1737 1804 1817 1839 Tm·-

1025 1850 1151 1882 ¹hunae
1177 1849 1237 1892 sua
1264 1847 1382 1894 effigies
1411 1848 1553 1894 Teffellis
1581 1852 1683 1886 variis
1713 1853 1817 1897 infixa

1022 1879 1116 1948 'est’
1158 1900 1200 1933 (9‘
1237 1899 1271 1933 ,fn
1303 1900 1375 1946 giro
1411 1900 1540 1944 mirIfice
1577 1906 1673 1946 Opere
1710 1906 1816 1939 Vitrea

979 1938 1012 1971 D
1049 1949 1222 1991 constrm‘la
1245 1950 1306 1991 est.
1336 1949 1552 1998 Aquisgrani
1581 1966 1747 2000 quoque,
1775 1968 1816 1991 u·

1050 2000 1078 2034 ti
1108 1999 1206 2048 supra
1257 2001 1379 2040 innui,
1421 2000 1588 2049 insignem
1629 2004 1813 2041 Basllicam

1049 2051 1224 2086 excitavit
1272 2052 1421 2087 Carolus
1472 2054 1624 2102 Magnus
1671 2049 1815 2092 circiter

1049 2104 1195 2137 Annum
1230 2104 1465 2138 DCCXCVI.
1493 2117 1639 2152 eamque
1666 2105 1812 2143 eximiis

1048 2152 1287 2194 ornamentis,
1315 2163 1420 2198 atque
1441 2153 1479 2188 in
1508 2154 1631 2203 primis
1660 2157 1813 2205 peregri-

1049 2217 1094 2238 no
1134 2204 1167 2238 &
1207 2203 1306 2238 vario
1348 2217 1547 2247 marmore,
1585 2219 1623 2241 ac
1667 2208 1813 2249 Mufivis

1049 2253 1159 2289 adhuc
1189 2253 1356 2294 intaEtis,
1396 2255 1561 2291 illustrem
1592 2256 1697 2293 fecit.
1735 2260 1812 2294 Ha-

1049 2306 1106 2340 bet
1127 2305 1233 2340 etiam
1257 2306 1374 2341 Gallia
1401 2307 1524 2342 multis
1553 2306 1590 2342 in
1617 2307 1704 2344 locis
1726 2311 1812 2345 Mu-

1019 2377 1022 2392 ι
1049 2355 1116 2391 {iva
1143 2366 1224 2392 ante
1247 2358 1389 2391 Annum
1412 2356 1642 2393 Millefimurn
1665 2372 1682 2394 a
1704 2359 1812 2396 Chri-

1049 2407 1095 2441 sto
1119 2417 1201 2442 nato
1222 2407 1396 2442 elaborata
1411 2434 1418 2442 .
1448 2407 1661 2444 Lithostrata
1684 2409 1807 2447 iisdem

1050 2458 1201 2493 Saeculis
1238 2458 1327 2505 apud
1369 2459 1474 2493 Italos
1511 2458 1547 2493 in
1591 2459 1649 2495 usu
1693 2460 1808 2499 fuere.

1054 2510 1148 2543 Haec
1178 2507 1348 2544 facilioris
1386 2509 1525 2556 operis,
1562 2510 1611 2545 ita
1649 2519 1687 2547 ut
1725 2513 1809 2547 Ber-

1051 2559 1188 2595 wardus
1228 2559 1420 2611 Episcopus
1461 2559 1774 2598 Hildesheimenfis
1794 2587 1810 2605 ,

1667 2612 1752 2651 teste
