2279 3006
239 223 290 261 61
586 209 950 255 DISSERTATIO
990 209 1397 253 DECIMANONA.
1691 217 1743 253 62.

180 275 274 318 rius,
301 274 334 309 8<
363 271 437 312 fur,
465 271 502 308 ὃ(
531 274 621 309 latro
649 272 689 307 ad
710 268 937 318 compositio·
977 277 1010 311 A
1044 283 1127 317 pae,
1177 269 1347 305 duntaxat
1393 266 1507 304 Solidi
1549 267 1798 303 provenienses

180 339 260 360 nem
288 324 585 368 admittebantur,
625 332 684 359 aut
720 320 838 357 Fiscus
866 333 935 356 non

181 375 397 412 solventium
427 375 516 410 bona
544 373 724 422 capiebat.
753 374 849 408 Haec
878 385 938 407 au-

179 434 252 462 tem
274 425 486 462 consuetudo
509 439 579 461 non
603 422 838 473 Langobardis
862 431 939 458 tan—

180 485 283 520 tum,
327 476 382 512 sed
418 477 580 513 omnibus
616 475 722 512 ferme
751 473 894 521 Populis
921 487 939 508 e

184 527 473 576 Septemtrionali
510 529 609 576 plaga
644 528 680 562 in
721 524 941 560 Meridiona-

185 580 256 615 lem
298 578 427 628 illapfis
470 579 634 626 placuit.
678 576 768 612 Vide
808 577 941 623 Legem

184 629 358 672 salicam,
388 629 611 677 Ripuariam‚
639 626 879 675 Baioaricam,
906 626 940 660 8<

183 679 289 716 alias.
319 682 433 715 Immo
462 678 700 728 posterioribus
741 677 847 713 etiam
885 679 942 713 Se-

185 731 274 765 culis
302 730 501 766 mitiffimas
529 742 652 776 poenas
680 742 697 764 a
728 728 828 764 Fisco
861 741 943 763 exa-

186 780 259 816 &as
288 794 350 829 pro
379 779 586 817 H0m1cidi0
615 793 653 814 ac
689 782 796 814 Furto
824 779 944 826 depre-

189 830 344 868 hendes.
381 831 423 867 In
461 832 561 868 Bulla
595 829 761 879 Gregorii
789 832 850 865 IX.
883 831 945 865 Pa-

1044 320 1111 356 five
1143 319 1314 356 Provefini
1354 322 1431 355 XX.
1469 316 1570 355 fisco
1611 318 1800 354 Pontificio

1045 370 1312 406 exsolvebantur
1355 384 1415 417 pro
1445 368 1645 406 Homicidii
1683 369 1802 404 crimi-

1047 434 1110 465 ne,
1138 420 1259 456 relicta
1287 421 1431 457 domino
1459 419 1657 456 homicidae
1693 419 1804 455 facul-

1048 481 1120 507 tate
1148 471 1323 506 faciendae
1351 482 1470 507 contra
1491 483 1568 507 eum
1599 470 1748 519 justitiae
1768 472 1803 505 &

1049 522 1246 558 vindiciae.
1271 523 1336 557 Pro
1349 525 1455 558 Furto
1481 521 1606 557 diurno
1628 521 1737 556 Solid.
1759 523 1804 557 V.

1050 575 1186 608 tantum
1200 572 1477 621 accipiebantur:
1499 586 1559 619 pro
1576 571 1747 608 nociurno
1762 573 1804 606 X.

1052 624 1166 671 Digna
1195 622 1261 663 est.
1302 636 1390 671 quae
1426 623 1462 658 in
1498 624 1610 659 lucem
1645 623 1806 658 efferatur

1048 673 1182 710 Charta
1209 673 1270 709 illa
1287 698 1298 713 ‚
1324 682 1445 721 utpote
1471 686 1556 720 quae
1579 673 1664 708 alias
1685 683 1807 708 eorum

986 730 1015 764 Β
1048 734 1246 774 temporum
1277 723 1540 759 consuetudines
1567 723 1669 760 nobis
1693 722 1807 758 serva-

1023 760 1030 834 ι
1050 775 1123 811 vit.
1147 778 1249 812 Hanc
1265 785 1380 810 autem
1403 773 1557 821 exscripsi
1580 788 1598 810 e
1614 773 1710 820 saepe
1728 774 1803 808 lau-

1048 826 1130 862 dato
1153 826 1260 864 MSto
1275 824 1416 874 Regesto
1437 822 1564 860 Ceneii
1580 822 1779 862 Camerarii
1801 847 1811 859 .

187 938 370 995 Gregorii
402 943 473 983 IX.
504 945 626 998 Papae
657 940 793 993 Bulla,
823 955 890 997 per
920 952 1041 998 quam
1074 935 1247 979 decernit
1277 934 1448 977 Tributa
1479 935 1516 976 8(
1557 934 1700 978 Census
1732 935 1810 975 Ca-

243 1013 373 1042 merae
404 1001 651 1055 Apostolicae
684 997 976 1057 persolvendos,
1008 1011 1079 1039 nec
1111 1011 1190 1037 non
1223 997 1260 1036 δε
1293 1009 1434 1050 poenas
1475 1006 1543 1050 pro
1579 993 1753 1047 deliE’tis,

375 1059 424 1100 ab
455 1059 680 1102 hominibus
711 1059 838 1101 Castri
869 1055 1065 1111 Serronis,
1095 1055 1249 1098 circiter
1280 1056 1446 1096 Annum
1483 1067 1532 1094 12
1541 1068 1603 1107 30.

185 1172 441 1265 GRegorius
479 1174 553 1213 ὅγε.
594 1176 784 1211 Hominibus
811 1179 848 1210 de
873 1179 947 1210 Ser·
987 1173 1021 1209 C
1057 1171 1174 1207 bitator
1198 1171 1279 1205 diffi
1297 1170 1404 1213 Caslrt'
1425 1169 1522 1218 potest
1541 1183 1652 1211 emere,
1679 1182 1714 1206 ut
1733 1185 1822 1206 ven*

313 1238 382 1259 rone
400 1225 555 1270 fidelibus
595 1228 724 1268 nostris.
751 1225 860 1267 Justis
890 1235 946 1270 pe-

184 1275 318 1309 tentium
356 1276 423 1309 &a
461 1276 708 1316 Consuetudines
749 1276 864 1308 Terrae
889 1287 946 1307 ve-

179 1324 264 1365 strae
307 1322 458 1357 haetenus
503 1324 681 1366 observatas
699 1347 711 1362 ,
761 1323 946 1357 aunaritate

184 1371 278 1405 vohis
303 1372 485 1415 Apostolica
511 1373 748 1415 confirmamus,
785 1371 828 1404 <9⁶
850 1382 944 1418 prae-

177 1421 280 1465 sentis
316 1421 426 1465 scripti
456 1421 578 1466 pagina
616 1420 855 1456 communimus.
897 1425 945 1456 Ne

183 1482 256 1504 vero
282 1470 321 1504 de
346 1469 617 1514 consuetudinibus
643 1471 719 1515 ipsis
747 1472 858 1506 valeat
883 1475 944 1507 du-

184 1519 284 1555 bitari
298 1545 309 1560 ,
336 1533 387 1555 eas
400 1520 531 1564 fecimus
548 1521 705 1567 praesenti
725 1522 846 1566 inseri;
868 1536 946 1569 quae

178 1570 257 1615 sunt
283 1571 363 1605 tales
378 1597 387 1606 .
425 1571 572 1616 ‚Quilibet
612 1572 771 1607 habitator
795 1573 835 1606 de
860 1585 946 1620 qua-

1057 1222 1115 1255 dat
1140 1221 1238 1255 alicui
1264 1232 1406 1256 extraneo
1429 1221 1497 1262 line
1523 1221 1650 1256 licentia
1675 1223 1811 1257 Curiae.

1060 1273 1136 1305 Item
1162 1271 1261 1305 Curia
1289 1285 1351 1320 pro
1378 1271 1537 1319 qualibet
1563 1271 1685 1308 Mansa
1712 1272 1813 1307 debet

1058 1320 1214 1368 accipere
1249 1321 1291 1357 de
1333 1322 1482 1358 Vinenis
1528 1335 1631 1358 unam
1678 1322 1812 1358 cistram

1058 1370 1150 1406 inter
1177 1385 1260 1407 uvas
1287 1373 1320 1407 &
1349 1374 1438 1409 alios
1466 1372 1617 1409 festius.
1645 1375 1721 1408 Item
1740 1373 1812 1406 olim

1057 1423 1181 1466 quando
1219 1423 1320 1458 Curia
1346 1424 1414 1458 ibat
1441 1424 1475 1458 in
1514 1425 1696 1465 exercitum,
1737 1422 1814 1455 reci-

1052 1471 1160 1516 piebat
1199 1471 1241 1507 ab
1279 1473 1458 1508 hominibus
1496 1473 1634 1508 Serronis
1668 1472 1724 1517 sex
1749 1475 1815 1506 Ca-

1051 1520 1164 1562 stratos
1178 1535 1198 1562 ,·
1227 1523 1286 1566 sed
1319 1528 1407 1558 modo
1440 1524 1538 1558 Curia
1573 1524 1662 1557 debet
1702 1523 1743 1558 ab
1769 1522 1815 1556 eie

1057 1570 1207 1618 recipere
1257 1572 1438 1607 annuatim
1494 1571 1626 1621 viginti
1676 1572 1813 1608 solidos

188 1621 279 1656 libet
306 1620 429 1656 Mansa
457 1620 557 1657 debet
595 1621 728 1658 solvere
764 1624 945 1658 annuatim
987 1612 1033 1655 D7
1057 1620 1303 1656 provenienses
1337 1634 1392 1668 pro
1418 1622 1573 1665 Castratis
1606 1610 1710 1670 (ipsis,
1740 1622 1813 1664 sive

189 1669 324 1706 Curiae
351 1670 506 1706 serronis
533 1671 615 1708 duas
644 1673 794 1709 minulas
815 1673 856 1708 de
875 1672 948 1709 fru-

188 1731 331 1756 mento.
359 1725 456 1767 ,Quod
482 1724 685 1758 Frumentum
712 1724 855 1759 Nuntius
882 1727 948 1758 Cu-

191 1771 258 1804 riae
284 1773 416 1816 accipiat
441 1774 482 1807 ab
507 1786 539 1807 eo
565 1775 675 1809 melius
700 1776 781 1822 quod
813 1775 948 1809 voluerit

190 1820 253 1866 ipse
281 1822 443 1859 Nuntius.
473 1825 550 1860 Item
576 1825 709 1871 quilibet
737 1838 797 1873 pro
825 1824 948 1860 Mansa

189 1869 293 1924 debet
335 1870 465 1909 solvere
503 1878 619 1910 unum'
666 1875 796 1911 Utrern
848 1875 947 1911 musti

190 1932 270 1969 puri
297 1922 331 1956 8<
361 1922 463 1958 boni:
492 1923 538 1962 ἐφ
566 1925 599 1959 in
626 1926 736 1960 collum
757 1926 850 1971 suum
876 1938 948 1973 por-

190 1980 258 2004 tare
284 1971 375 2017 usque
401 1976 445 2007 ad
469 1985 604 2020 vegetem
630 1977 767 2016 Curiae,
805 1977 849 2011 θ’
875 1977 949 2010 mit-

192 2030 254 2055 tere
291 2021 324 2054 in
351 2033 490 2067 vegetem
525 2026 662 2062 Curiae.
703 2029 780 2062 Item
817 2028 950 2074 quilibet

191 2083 255 2119 pro
282 2070 408 2125 Mansa
446 2073 548 2108 debet
583 2075 784 2124 respondere
820 2077 950 2113 Curiae

193 2131 376 2157 annuatim
416 2122 453 2157 in
496 2136 563 2158 una
605 2137 706 2172 opera
742 2128 775 2162 in
811 2131 951 2162 metendo

193 2172 248 2206 vel
274 2173 471 2215 tritulando‚
513 2172 558 2210 θ’
595 2175 663 2210 alia
699 2177 731 2211 in
766 2178 952 2223 seminando

187 2221 395 2268 personaliter
421 2237 487 2257 cum
514 2223 634 2258 duobus
661 2225 779 2262 bubus.
811 2232 857 2263 Et
883 2232 949 2263 Cu-

193 2272 244 2307 ria
271 2275 359 2307 debet
385 2274 461 2308 dare
480 2273 546 2315 sihi
569 2276 739 2321 prandium
766 2278 808 2310 (5⁰
835 2292 949 2313 meren-

191 2323 291 2362 dam,
314 2323 344 2364 fi
368 2325 505 2358 voluerit
533 2325 608 2364 ille,
646 2327 699 2373 qui
725 2327 783 2361 dat
809 2339 948 2375 operam.

192 2375 256 2407 sed
292 2387 413 2409 coenam
449 2388 508 2409 non
544 2377 634 2411 dehet
669 2378 743 2411 dare
778 2379 824 2413 ei.
872 2381 949 2414 Item

192 2424 326 2469 quilibet
352 2436 516 2461 extraneus
542 2440 643 2460 emens
682 2427 782 2463 debet
818 2428 951 2465 solvere

191 2472 324 2510 Curiae
351 2476 392 2512 de
419 2477 555 2513 duobus
583 2477 711 2513 Solidis
739 2492 843 2514 unum
879 2482 947 2515 De-

193 2526 329 2562 narium
357 2541 420 2576 pro
449 2529 670 2567 Plateatico.
698 2532 763 2565 Nec
789 2530 871 2565 ullus
890 2531 948 2566 ba-

1057 1671 1155 1706 Curia
1188 1673 1291 1706 vadat
1331 1671 1364 1705 in
1401 1673 1586 1714 exercitum,
1620 1672 1692 1712 sive
1728 1686 1815 1711 non,

1057 1722 1131 1769 quia
1158 1722 1204 1756 ita
1230 1721 1408 1756 ordinatum
1432 1721 1497 1765 fuit
1522 1722 1603 1756 inter
1621 1722 1752 1756 Curiam
1773 1722 1816 1755 (9⁶

1057 1772 1154 1819 ipsos.
1177 1774 1253 1806 Item
1268 1771 1299 1813 st*
1316 1783 1423 1818 porcus
1442 1773 1607 1806 invenitur
1627 1772 1660 1806 in
1679 1774 1819 1811 damno,

1057 1822 1147 1858 debet
1173 1822 1268 1856 occidi
1292 1833 1398 1869 porcus
1425 1821 1466 1858 ab
1494 1823 1550 1857 illo
1559 1847 1570 1862 ‚
1597 1822 1647 1857 cui
1664 1823 1816 1857 damnum

1051 1872 1097 1918 fit
1125 1873 1170 1911 cb*
1198 1872 1364 1908 medietas
1392 1872 1488 1922 porci
1516 1873 1617 1908 debet
1649 1884 1708 1920 pei·
1734 1883 1815 1907 eum

1060 1923 1160 1959 mitti
1187 1924 1227 1958 ad
1267 1924 1440 1968 Curiam,
1476 1921 1521 1961 ἔφ’
1558 1923 1626 1958 alia
1667 1923 1818 1957 medietas

1059 1987 1125 2009 cum
1152 1974 1251 2020 capite
1285 1973 1373 2008 debet
1413 1986 1568 2008 remanere
1605 1984 1697 2019 penes
1724 1985 1818 2012 eum,

1062 2025 1116 2072 qui
1154 2023 1257 2071 paffus
1292 2024 1333 2066 est
1366 2028 1539 2060 damnum.
1581 2026 1658 2058 Item
1691 2022 1718 2063 si
1745 2023 1819 2065 bos,

990 2071 1017 2104 E
1061 2075 1188 2119 afinus,
1224 2087 1338 2122 equus,
1373 2077 1427 2110 vel
1452 2076 1520 2110 alia
1547 2073 1642 2116 bestia
1668 2075 1819 2107 damnum

1062 2130 1120 2161 dat
1145 2139 1210 2159 cum
1236 2126 1404 2160 voluntate
1430 2126 1541 2168 illius,
1577 2122 1663 2168 cujus
1698 2121 1740 2164 est
1765 2123 1819 2156 be-

1058 2176 1143 2217 stia,
1183 2175 1284 2211 debet
1312 2175 1383 2223 ipse
1411 2175 1542 2211 solvere
1578 2172 1706 2209 Curiae
1739 2173 1817 2207 ΚΠ.

1065 2225 1255 2262 Denarios.
1291 2227 1330 2260 si
1356 2237 1459 2261 autem
1495 2226 1558 2263 line
1583 2226 1748 2258 voluntate
1777 2222 1820 2255 it-

1063 2277 1146 2320 lius,
1174 2275 1276 2312 debet
1304 2276 1435 2313 solvere
1462 2275 1592 2312 Curiae
1618 2274 1680 2307 VI.
1706 2274 1820 2307 Dena-

1063 2326 1154 2362 rios.
1190 2327 1228 2360 si
1253 2341 1327 2361 vero
1353 2340 1445 2374 capra
1472 2327 1524 2360 vel
1550 2324 1618 2358 ovis
1647 2323 1680 2356 in
1705 2324 1821 2357 damno

1065 2377 1247 2416 invenitur,
1284 2378 1384 2411 Curia
1423 2376 1507 2421 capit
1541 2387 1607 2409 eam
1623 2387 1645 2416 ,0
1682 2373 1725 2406 &⁶
1766 2373 1821 2407 ille

1064 2427 1150 2465 cuius
1177 2426 1217 2469 est
1236 2438 1328 2473 capra
1346 2427 1399 2460 vel
1418 2426 1508 2462 ovis,
1536 2423 1720 2460 componit
1740 2435 1819 2458 cum

1065 2476 1175 2512 Curia
1218 2477 1383 2520 secundum
1437 2475 1553 2510 Curiae
1605 2474 1821 2508 voluntatem.

1064 2529 1142 2563 Item
1170 2526 1202 2570 fi
1243 2527 1362 2573 aliquis
1396 2525 1559 2562 committit
1598 2524 1821 2563 homicidium,

1718 2574 1774 2609 vul
