2279 3006
488 235 566 278 ¹95
721 219 1186 278 -ANTJQJ1m
1237 221 1493 264 MEDJJ
1535 221 1731 266 ΑΕνι
1911 232 1994 280 196

425 283 569 328 Regno,
597 279 638 315 ad
667 292 778 316 mores
800 282 1010 314 Francorum
1033 280 1064 316 se
1084 294 1181 316 corn-
1212 281 1245 316 A
1288 282 1357 316 cula
1386 281 1482 316 fuifl'e
1510 280 1709 326 diversum,
1750 282 1817 319 hoc
1844 283 1910 324 est
1954 283 2049 320 tuni-

423 331 603 378 posuerint
641 333 784 366 Italicae
826 329 1056 378 conjugatae,
1093 345 1180 378 quae

423 382 567 417 subinde
617 383 763 428 capillos
818 379 955 416 solicite
1000 382 1178 425 aluerint,

423 443 529 480 arque
566 434 717 468 intortos
756 430 796 465 ad
835 431 959 479 capitis
995 445 1179 468 ornamen-

423 492 498 518 tum
548 483 738 532 gesserint.
783 481 865 516 Fuit
906 483 940 517 &
985 484 1177 530 puellarum

423 548 521 573 mos,
550 535 717 568 interulas
746 545 882 576 gerere,
924 532 992 568 sive
1033 534 1177 570 subucu-

421 585 491 620 las.
533 585 670 618 Paullus
712 584 888 618 Diaconus
926 584 1011 619 Festi
1042 585 1177 620 brevia-

421 644 499 673 tor,
526 638 685 678 Supperm
702 661 711 677 ,
739 636 811 676 ait,
846 634 1063 676 vestimentum
1087 637 1177 682 puel-

419 686 522 719 larum
549 686 665 718 lineum
676 698 696 727 ‚¹
722 686 802 731 quod
826 683 873 722 &⁴
894 685 1047 729 subucula
1065 713 1074 726 ,
1103 686 1179 724 ides}

418 735 559 773 Camilia
585 737 724 770 dicitur.
768 735 871 770 Ridet
908 735 985 771 heic
1016 737 1175 771 Paullum

418 785 583 829 josephus
605 785 777 834 Scaliger,
806 784 975 821 scribens:
1007 786 1177 828 Camisiam

417 840 548 880 ulurpat
575 838 709 870 Paullus
734 838 863 871 verbum
883 837 961 881 suae
987 838 1123 880 aetati5‚
1143 852 1178 872 ac

411 887 537 932 suorum
565 888 722 935 elegantia?
747 887 897 933 dignum.
943 887 1174 934 Praecipitem

418 938 586 985 Scaligeri
634 937 840 973 sententiam
893 947 1014 980 arguet
1050 938 1177 973 Vicior

418 988 600 1027 Vitensis‚
645 989 706 1034 qui
734 997 835 1022 tanto
863 998 988 1027 antea,
1038 988 1104 1023 hoc
1132 988 1176 1024 est

415 1041 526 1074 Anno
566 1038 698 1076 Christi
736 1040 1093 1075 CCCCLXXXVIL
1135 1039 1176 1074 de

417 1090 585 1125 Persecut.
618 1088 765 1124 Vandal.
793 1090 875 1126 Lib.
903 1090 1038 1138 primo,
1065 1089 1174 1124 Cami—

410 1139 476 1181 fias
523 1142 565 1175 (9⁶
602 1139 769 1184 femoralia
816 1149 1013 1174 memorat.
1061 1141 1176 1173 Immo

414 1190 484 1239 jam
529 1192 593 1226 hoc
630 1202 756 1225 nomen
801 1187 1077 1236 vulgatissimum
1115 1188 1176 1223 suo

414 1254 502 1276 aevo
539 1241 647 1277 tradit
685 1239 828 1275 sandius
866 1240 1108 1284 Hieronymus
1137 1237 1174 1273 in

413 1292 557 1332 Epistol.
596 1294 636 1327 ad
675 1291 878 1326 Fabiolam.
915 1291 967 1324 En
996 1290 1069 1335 ejus
1098 1302 1174 1324 ver-

414 1341 476 1377 ba:
519 1345 594 1377 Volo
628 1354 683 1389 pro
718 1341 851 1388 legentis
886 1340 1049 1385 facilitate
1084 1354 1115 1373 a
1111 1338 1176 1371 '⁷uti

406 1392 543 1435 sermone
581 1394 746 1439 vulgato.-
794 1392 859 1427 hoc
912 1390 958 1425 est
999 1388 1175 1435 Vulgari,

412 1442 473 1487 qui
504 1442 573 1488 jam
603 1442 639 1476 in
670 1442 792 1476 multis
821 1455 839 1475 a
869 1440 1002 1476 Latino
1039 1437 1176 1473 diffide-

413 1491 492 1530 bat,
533 1500 572 1526 ut
598 1490 775 1525 ostendam
814 1489 903 1525 infra
932 1490 968 1523 in
999 1489 1176 1522 Differ-tat.

414 1543 564 1576 XXXH.
601 1542 639 1574 de
676 1540 801 1586 Oigr'n.
839 1540 985 1583 Linguae
1028 1538 1174 1572 Italicae.

414 1593 536 1641 Pergit
565 1592 830 1636 Hieronymus.
869 1590 977 1623 Solent
1004 1588 1179 1622 militantes

414 1644 524 1677 babere
550 1643 651 1676 Imeus
689 1641 803 1687 (idest
832 1639 966 1686 vestes)
1010 1652 1085 1684 quas
1114 1642 1177 1674 Ca-

414 1693 520 1731 mistas
548 1703 685 1730 vocant,
718 1691 763 1730 fic
801 1702 890 1736 aptas
920 1690 1090 1728 membris,
1136 1691 1178 1723 (9-

412 1742 581 1782 adsl›17as
629 1740 825 1788 corporibus,
861 1752 897 1774 ut
935 1740 1073 1785 expediti
1118 1739 1179 1777 lint

412 1794 468 1827 vel
494 1796 538 1827 ad
563 1793 682 1835 cursum
709 1792 763 1825 vel
782 1796 825 1825 ad
842 1792 960 1835 proelia
981 1789 1053 1828 &aa
1078 1792 1178 1836 Quae

413 1856 496 1892 ergo
543 1857 562 1878 a
607 1844 729 1878 Paullo
782 1841 938 1876 Camiliae
985 1852 1176 1883 vocantur,

414 1894 541 1940 qubus
584 1907 671 1929 aevo
715 1892 774 1928 suo
818 1893 953 1937 puellae
990 1892 1178 1927 utebantur

415 1943 511 1989 (nili
541 1944 580 1979 ad
612 1943 699 1978 Festi
731 1943 845 1991 potius
880 1955 1003 1978 aevum
1033 1955 1070 1977 ea
1101 1955 1174 1976 ver—

416 1994 456 2029 ba
486 1993 550 2029 sint
578 1993 783 2041 referenda)
828 1994 975 2029 minime
1011 1993 1176 2028 videntur

414 2044 601 2080 interiores
644 2043 748 2079 vestes
792 2044 912 2081 fuiffe.
955 2057 1042 2088 quae
1083 2056 1176 2078 nunc

413 2094 570 2131 sermone
597 2095 711 2130 nostro
739 2096 874 2143 vulgari
912 2096 1050 2130 Camicie
1086 2107 1174 2128 nun-

415 2156 608 2193 cupantur,
637 2145 691 2181 sed
720 2145 910 2194 superiores
938 2159 977 2180 ac
998 2155 1175 2193 patentes,

414 2196 481 2231 hoc
509 2196 554 2232 est
576 2225 585 2237 ,
626 2207 664 2232 ut
706 2210 796 2231 nunc
837 2197 988 2231 dicimus
1019 2220 1029 2234 ,
1066 2196 1176 2230 Cami-

413 2248 529 2283 eiuole.
560 2247 671 2283 Hasce
698 2248 828 2286 lineas,
857 2245 893 2282 &
916 2249 1030 2285 albas,
1059 2246 1176 2282 adstri-

415 2297 582 2346 &asque‚
624 2309 662 2334 ut
691 2309 800 2338 puto,
842 2299 976 2344 corpori
1007 2297 1177 2346 gestavere

414 2350 573 2397 puellae.
602 2348 764 2384 Fortaffis
792 2349 899 2384 etiarn
929 2348 1034 2395 usque
1061 2349 1101 2384 ad
1124 2358 1175 2383 ta-

417 2400 470 2434 los
498 2399 765 2436 descendebant.
796 2402 836 2435 In
864 2401 1019 2435 eamdem
1042 2399 1175 2435 senten-

413 2450 504 2485 tiam
550 2451 713 2499 congruit
741 2451 885 2486 ORavii
923 2451 1068 2486 Ferrarii
1099 2449 1177 2485 opi-

418 2501 503 2539 nio,
532 2502 591 2547 qui
622 2502 683 2537 lib.
710 2513 742 2548 3.
771 2500 859 2546 Cap.
882 2514 939 2537 20.
969 2502 1010 2536 de
1032 2504 1081 2536 Re
1106 2503 1177 2535 Ve-

413 2549 505 2587 stiar.
548 2552 759 2592 arbitratur,
801 2556 980 2597 Supparum
1019 2566 1038 2587 a
1073 2554 1177 2586 subu-

1289 344 1347 366 cae
1375 345 1505 380 genus
1534 331 1632 380 super
1658 332 1728 368 alia
1756 333 1961 370 indumenta
1990 348 2047 382 ge-

1289 381 1428 418 statum.
1458 382 1562 445 Quod
1593 382 1698 417 etiam
1728 397 1745 419 e
1771 383 1860 420 sacra
1884 386 1970 420 veste
1991 385 2046 421 di-

1290 432 1435 473 mimus,
1463 432 1531 468 ,Αἰ
1530 435 1558 465 ἂ
1590 434 1774 478 videlicet,
1803 449 1905 483 quam
1935 437 2045 470 Cami-

1287 498 1317 518 ce
1344 497 1405 519 nos
1443 485 1684 532 appellamu53
1729 496 1858 521 veteres
1900 498 2043 530 autem,

1288 534 1324 569 in
1355 536 1475 582 primis
1503 534 1692 580 Gregorius
1721 535 1871 584 Magnus
1903 538 1983 572 Lib.
2009 539 2044 572 6.

1290 585 1390 628 Epist.
1424 599 1481 632 27.
1516 586 1549 620 &
1578 585 1771 621 Anastasius
1800 587 1836 621 in
1866 586 2043 622 Benedi&

1289 637 1351 671 ΙΙΙ.
1379 635 1550 673 Camilimn
1585 637 1617 671 δε
1656 636 1825 672 Camiliam
1867 650 2043 683 nuncupa-

1288 696 1385 721 runt.
1435 686 1536 721 Adde
1582 686 1777 721 Alcuinum
1829 688 1864 721 in
1895 688 1974 722 Lib.
2003 686 2044 722 de

1287 737 1398 772 divin.
1435 736 1539 771 Offic.
1575 751 1667 783 quam
1704 737 1873 776 camisiam
1912 738 2044 771 dicimus

1285 788 1339 821 vel
1365 791 1566 834 Supparum.
1596 789 1709 835 Atqui
1739 801 1859 822 omnes
1889 796 2043 826 norunt,

1287 838 1444 882 Camisam
1472 838 1580 877 hanc,
1609 837 1676 873 five
1703 840 1827 873 Albam
1854 837 1951 884 supra
1989 850 2044 872 ce-

1287 898 1376 924 teras
1406 888 1508 924 vestes
1537 890 1573 923 in
1612 887 1712 924 sacris
1755 888 1903 932 deferri,
1941 897 2045 935 atque

1287 939 1326 973 ad
1355 940 1445 974 talos
1473 938 1698 974 descendere.
1739 939 1865 974 Graeci
1894 940 1976 973 vero
2004 937 2045 971 fi-

1287 989 1488 1037 gnificaturi
1537 989 1724 1025 interulam
1777 989 1844 1024 sive
1891 988 2046 1023 Subucu-

1287 1042 1379 1081 lam
1408 1053 1495 1087 quae
1523 1041 1662 1076 tunicae
1691 1039 1847 1081 suberat
1889 1037 1927 1073 &
1969 1051 2045 1072 cor-

1288 1090 1363 1137 pori
1384 1090 1572 1134 insidebat,
1602 1089 1646 1125 usi
1669 1090 1745 1126 sunt
1763 1103 1846 1124 voce
1873 1099 1917 1125 cm
1919 1098 2041 1135 aduam

1289 1141 1370 1175 idest
1406 1141 1478 1184 sub
1470 1141 1613 1182 amisia‚
1663 1151 1701 1176 ut
1751 1139 1997 1188 distinguerem
2027 1152 2046 1174 a

1214 1192 1240 1223 Γᾷ
1286 1190 1454 1233 Camifiis,
1490 1203 1577 1237 quae
1606 1191 1939 1235 superinduebantur
1966 1188 2046 1224 aliis

1288 1238 1458 1274 vestibus.
1503 1240 1694 1276 Anastasius
1732 1241 1767 1276 in
1807 1241 1881 1275 vita
1927 1238 2047 1275 San5³ti

1285 1289 1454 1332 Iohannis
1483 1291 1779 1334 Eleemolynarii:
1820 1292 1943 1324 dicebat
1963 1290 2048 1334 sem-

1284 1352 1359 1384 per,
1401 1342 1482 1386 quod
1516 1338 1609 1386 posset
1644 1341 1798 1387 expoliare
1824 1341 1966 1378 divites,
2004 1341 2048 1373 (9‘

1288 1390 1386 1435 ipsum
1412 1391 1507 1423 etiam
1547 1391 1773 1436 hypocamisum
1813 1390 1855 1426 ab
1890 1391 1933 1425 eis
1956 1389 2048 1425 bene-

1286 1440 1357 1473 vole
1384 1440 1524 1482 auferre.

1335 1494 1396 1524 ,Aa
1422 1489 1590 1534 Sponsalia
1630 1488 1722 1536 quod
1764 1488 1915 1527 attinet,
1956 1488 2046 1524 olim

1287 1552 1361 1574 mos
1389 1538 1478 1577 fuit,
1508 1542 1640 1574 Romae
1668 1539 1812 1583 saltem,
1840 1537 1878 1574 &
1906 1539 2048 1586 quidem

1288 1590 1431 1624 Saeculo
1470 1591 1530 1624 lx.
1571 1598 1610 1625 ut
1656 1589 1711 1624 vir
1752 1589 1854 1624 fidem
1884 1589 1977 1625 suam
2007 1589 2047 1625 de

1287 1639 1440 1674 ducenda
1469 1639 1505 1674 in
1535 1653 1679 1675 uxorem
1710 1639 1839 1674 femina
1860 1640 2048 1675 confirma-

1288 1700 1360 1729 ret,
1397 1691 1528 1725 annulo
1555 1690 1587 1725 ei
1615 1691 1653 1726 in
1680 1689 1831 1738 digitum
1870 1689 2044 1724 immiss'o:

1287 1742 1379 1787 quod
1421 1754 1512 1776 nunc
1553 1740 1590 1776 in
1630 1740 1701 1784 ipsa
1730 1742 1868 1775 rantum
1906 1739 2047 1775 benedi-

1287 1791 1404 1826 &mone
1434 1791 1655 1826 matrimonii
1686 1791 1885 1839 peragitur.
1926 1792 2048 1836 Quum

1293 1845 1370 1876 cero
1398 1852 1477 1877 ante
1506 1842 1726 1877 5a-erdotern
1756 1841 1961 1888 conjuqium
1990 1854 2045 1876 ce-

1288 1893 1507 1935 lebrabatur,
1546 1901 1618 1927 tam
1657 1892 1735 1928 viro
1762 1893 1866 1940 quam
1897 1891 2046 1927 feminae

1289 1944 1396 1976 Velum
1434 1943 1606 1986 quoddam
1651 1942 1819 1978 sacratum
1863 1942 1960 1987 super
1987 1953 2046 1976 eo-

1289 1993 1378 2028 sdem
1419 1994 1672 2029 extendebatur
1711 1994 1746 2028 in
1777 1993 1906 2041 [ignum
1937 1991 2046 2038 pudo·

1288 2044 1334 2079 ris
1370 2042 1407 2079 ὃ(
1438 2045 1632 2091 conjugalis
1676 2044 1864 2091 pudicitiae
1907 2041 2045 2077 servan-

1288 2095 1368 2129 dae.
1411 2095 1467 2130 Ad
1496 2095 1657 2130 secundas
1685 2093 1822 2138 nuptias
1860 2091 2045 2140 progressi,

1287 2141 1456 2193 ejusmodi
1486 2146 1672 2181 Velamine
1707 2144 1887 2179 carebant.
1927 2142 2044 2179 Coro-

1289 2209 1351 2232 nae
1378 2197 1485 2232 etiam
1525 2198 1664 2242 utrique
1705 2194 1845 2242 conjugi
1883 2194 2043 2238 impone-

1289 2248 1434 2287 bantur,
1471 2247 1596 2295 quibus
1645 2245 1759 2280 ornati
1813 2244 2044 2291 procedebant

1288 2298 1326 2332 ad
1358 2298 1534 2333 maritales
1562 2296 1678 2332 aedes
1706 2297 1802 2330 Haec
1830 2308 1892 2329 nos
1920 2294 2042 2330 docuit

1290 2351 1461 2384 Nicotaus
1503 2350 1526 2383 1.
1573 2349 1662 2394 Papa
1712 2347 1748 2380 in
1796 2343 1958 2392 Respons.
1999 2344 2041 2380 ad

1288 2399 1459 2435 consulta
1500 2399 1681 2445 Bulgaror
1720 2398 1807 2444 Cap
1838 2408 1869 2442 3.
1898 2395 1957 2431 ubi
1985 2395 2042 2431 in-

1288 2459 1340 2484 te·-
1343 2459 1504 2500 rogatus,
1530 2461 1618 2495 quae
1644 2446 1856 2482 consuetudo
1878 2445 2041 2481 servanda

1287 2501 1367 2536 effet
1395 2501 1431 2537 in
1460 2499 1619 2545 nuptiis,
1661 2498 1730 2534 ait:
1775 2497 1934 2539 Nostrates
1974 2507 2041 2531 tam

1287 2565 1385 2586 mares
1420 2564 1513 2599 quam
1543 2549 1681 2594 feminae
1719 2550 1842 2584 nullam
1867 2548 2040 2595 ligaturam

1868 2612 1994 2634 auream
