<?xml version="1.0" encoding="UTF-8"?>
<!DOCTYPE html PUBLIC "-//W3C//DTD XHTML 1.0 Transitional//EN"
    "http://www.w3.org/TR/xhtml1/DTD/xhtml1-transitional.dtd">
<html xmlns="http://www.w3.org/1999/xhtml" xml:lang="en" lang="en">
 <head>
  <title>
</title>
<meta http-equiv="Content-Type" content="text/html;charset=utf-8" />
  <meta name='ocr-system' content='tesseract 3.04.00' />
  <meta name='ocr-capabilities' content='ocr_page ocr_carea ocr_par ocr_line ocrx_word'/>
</head>
<body>
  <div class='ocr_page' id='page_1' title='image "antiquitatesital04mura_0113.png"; bbox 0 0 2279 3006; ppageno 0'>
   <div class='ocr_carea' id='block_1_1' title="bbox 245 181 1751 266">
    <p class='ocr_par' dir='ltr' id='par_1_1' title="bbox 245 181 1751 266">
     <span class='ocr_line' id='line_1_1' title="bbox 245 181 1751 266; baseline 0.001 -1"><span class='ocrx_word' id='word_1_1' title='bbox 245 181 326 266; x_wconf 64' lang='lat' dir='ltr'>aot</span> <span class='ocrx_word' id='word_1_2' title='bbox 562 219 1039 263; x_wconf 79' lang='lat' dir='ltr'><em>DISSERTATIO</em></span> <span class='ocrx_word' id='word_1_3' title='bbox 1079 220 1434 263; x_wconf 71' lang='lat' dir='ltr'><em>VJGESIMA.</em></span> <span class='ocrx_word' id='word_1_4' title='bbox 1672 240 1751 266; x_wconf 80' lang='lat'>202</span> 
     </span>
    </p>
   </div>
   <div class='ocr_carea' id='block_1_2' title="bbox 182 277 1812 326">
    <p class='ocr_par' dir='ltr' id='par_1_2' title="bbox 182 277 1812 326">
     <span class='ocr_line' id='line_1_2' title="bbox 182 277 1812 326; baseline 0 -10"><span class='ocrx_word' id='word_1_5' title='bbox 182 280 365 326; x_wconf 72' lang='lat' dir='ltr'>parentibus</span> <span class='ocrx_word' id='word_1_6' title='bbox 390 277 458 323; x_wconf 80' lang='lat' dir='ltr'>ejus</span> <span class='ocrx_word' id='word_1_7' title='bbox 483 280 652 314; x_wconf 79' lang='lat' dir='ltr'>adduxerit</span> <span class='ocrx_word' id='word_1_8' title='bbox 688 280 940 323; x_wconf 85' lang='lat' dir='ltr'>Pbaderpbium.</span> <span class='ocrx_word' id='word_1_9' title='bbox 981 283 1012 317; x_wconf 89' lang='lat' dir='ltr'>A</span> <span class='ocrx_word' id='word_1_10' title='bbox 1057 278 1264 319; x_wconf 86' lang='lat' dir='ltr'>infirmitas,</span> <span class='ocrx_word' id='word_1_11' title='bbox 1300 278 1338 316; x_wconf 70' lang='grc' dir='ltr'>ὅ(</span> <span class='ocrx_word' id='word_1_12' title='bbox 1378 278 1468 315; x_wconf 80' lang='lat' dir='ltr'>levis</span> <span class='ocrx_word' id='word_1_13' title='bbox 1510 279 1547 315; x_wconf 90' lang='lat' dir='ltr'>in</span> <span class='ocrx_word' id='word_1_14' title='bbox 1575 281 1738 316; x_wconf 80' lang='lat' dir='ltr'>muliebri</span> <span class='ocrx_word' id='word_1_15' title='bbox 1764 281 1812 316; x_wconf 90' lang='lat' dir='ltr'>se—</span> 
     </span>
    </p>
   </div>
   <div class='ocr_carea' id='block_1_3' title="bbox 181 328 946 1336">
    <p class='ocr_par' dir='ltr' id='par_1_3' title="bbox 181 328 946 1273">
     <span class='ocr_line' id='line_1_3' title="bbox 184 328 940 377; baseline -0.003 -11"><span class='ocrx_word' id='word_1_16' title='bbox 184 331 353 377; x_wconf 84' lang='lat' dir='ltr'>Apertius</span> <span class='ocrx_word' id='word_1_17' title='bbox 380 328 464 364; x_wconf 88' lang='lat' dir='ltr'>haec</span> <span class='ocrx_word' id='word_1_18' title='bbox 492 329 529 365; x_wconf 87' lang='lat' dir='ltr'>in</span> <span class='ocrx_word' id='word_1_19' title='bbox 557 332 653 377; x_wconf 83' lang='lat' dir='ltr'>Lege</span> <span class='ocrx_word' id='word_1_20' title='bbox 684 342 765 377; x_wconf 86' lang='lat'>199.</span> <span class='ocrx_word' id='word_1_21' title='bbox 791 329 940 376; x_wconf 83' lang='lat' dir='ltr'>ejusdem</span> 
     </span>
     <span class='ocr_line' id='line_1_4' title="bbox 185 379 942 419; baseline -0.001 -3"><span class='ocrx_word' id='word_1_22' title='bbox 185 379 380 419; x_wconf 78' lang='lat' dir='ltr'>Rotharis,</span> <span class='ocrx_word' id='word_1_23' title='bbox 423 380 483 415; x_wconf 92' lang='lat' dir='ltr'>ubi</span> <span class='ocrx_word' id='word_1_24' title='bbox 519 381 561 416; x_wconf 89' lang='lat' dir='ltr'>de</span> <span class='ocrx_word' id='word_1_25' title='bbox 600 382 703 417; x_wconf 87' lang='lat' dir='ltr'>vidua</span> <span class='ocrx_word' id='word_1_26' title='bbox 731 381 771 415; x_wconf 87' lang='lat' dir='ltr'>ad</span> <span class='ocrx_word' id='word_1_27' title='bbox 798 381 942 416; x_wconf 88' lang='lat' dir='ltr'>domum</span> 
     </span>
     <span class='ocr_line' id='line_1_5' title="bbox 184 429 943 479; baseline -0.001 -14"><span class='ocrx_word' id='word_1_28' title='bbox 184 429 294 479; x_wconf 86' lang='lat' dir='ltr'>patris</span> <span class='ocrx_word' id='word_1_29' title='bbox 330 430 493 478; x_wconf 82' lang='lat' dir='ltr'>regreffa:</span> <span class='ocrx_word' id='word_1_30' title='bbox 539 435 588 466; x_wconf 85' lang='lat' dir='ltr'>De</span> <span class='ocrx_word' id='word_1_31' title='bbox 623 430 770 475; x_wconf 67' lang='lat' dir='ltr'>Fadetfio</span> <span class='ocrx_word' id='word_1_32' title='bbox 814 441 917 465; x_wconf 78' lang='lat' dir='ltr'>autem</span> <span class='ocrx_word' id='word_1_33' title='bbox 935 458 943 472; x_wconf 86' lang='lat'>,</span> 
     </span>
     <span class='ocr_line' id='line_1_6' title="bbox 184 481 944 530; baseline -0.001 -15"><span class='ocrx_word' id='word_1_34' title='bbox 184 481 263 522; x_wconf 75' lang='lat' dir='ltr'>idest</span> <span class='ocrx_word' id='word_1_35' title='bbox 288 484 327 515; x_wconf 80' lang='lat' dir='ltr'>de</span> <span class='ocrx_word' id='word_1_36' title='bbox 352 482 417 515; x_wconf 76' lang='lat' dir='ltr'>alm</span> <span class='ocrx_word' id='word_1_37' title='bbox 442 483 541 525; x_wconf 65' lang='lat' dir='ltr'>dono,</span> <span class='ocrx_word' id='word_1_38' title='bbox 585 493 735 530; x_wconf 81' lang='lat' dir='ltr'>quantum</span> <span class='ocrx_word' id='word_1_39' title='bbox 773 492 863 529; x_wconf 78' lang='lat' dir='ltr'>pater</span> <span class='ocrx_word' id='word_1_40' title='bbox 888 492 944 516; x_wconf 74' lang='lat' dir='ltr'>aut</span> 
     </span>
     <span class='ocr_line' id='line_1_7' title="bbox 181 532 944 579; baseline 0.001 -15"><span class='ocrx_word' id='word_1_41' title='bbox 181 532 284 576; x_wconf 75' lang='lat' dir='ltr'>frater</span> <span class='ocrx_word' id='word_1_42' title='bbox 321 532 442 565; x_wconf 76' lang='lat' dir='ltr'><em>dederit</em></span> <span class='ocrx_word' id='word_1_43' title='bbox 468 533 516 571; x_wconf 86' lang='lat' dir='ltr'>ei,</span> <span class='ocrx_word' id='word_1_44' title='bbox 552 535 676 579; x_wconf 82' lang='lat' dir='ltr'>quando</span> <span class='ocrx_word' id='word_1_45' title='bbox 719 533 762 568; x_wconf 82' lang='lat' dir='ltr'>ad</span> <span class='ocrx_word' id='word_1_46' title='bbox 797 533 944 567; x_wconf 83' lang='lat' dir='ltr'>maritum</span> 
     </span>
     <span class='ocr_line' id='line_1_8' title="bbox 186 582 945 627; baseline 0.003 -11"><span class='ocrx_word' id='word_1_47' title='bbox 186 582 388 621; x_wconf 65' lang='lat' dir='ltr'>ambulavit,</span> <span class='ocrx_word' id='word_1_48' title='bbox 429 583 538 617; x_wconf 74' lang='lat' dir='ltr'>mittat</span> <span class='ocrx_word' id='word_1_49' title='bbox 565 584 598 618; x_wconf 82' lang='lat' dir='ltr'>in</span> <span class='ocrx_word' id='word_1_50' title='bbox 625 584 780 627; x_wconf 73' lang='lat' dir='ltr'>confusum</span> <span class='ocrx_word' id='word_1_51' title='bbox 815 596 881 618; x_wconf 82' lang='lat' dir='ltr'>cum</span> <span class='ocrx_word' id='word_1_52' title='bbox 908 597 945 618; x_wconf 88' lang='lat' dir='ltr'>a-</span> 
     </span>
     <span class='ocr_line' id='line_1_9' title="bbox 187 632 945 679; baseline 0.004 -14"><span class='ocrx_word' id='word_1_53' title='bbox 187 632 242 666; x_wconf 79' lang='lat' dir='ltr'>liis</span> <span class='ocrx_word' id='word_1_54' title='bbox 263 632 437 676; x_wconf 80' lang='lat' dir='ltr'>sororibus.</span> <span class='ocrx_word' id='word_1_55' title='bbox 481 634 590 669; x_wconf 85' lang='lat' dir='ltr'>Dotes</span> <span class='ocrx_word' id='word_1_56' title='bbox 625 644 740 669; x_wconf 89' lang='lat' dir='ltr'>autem</span> <span class='ocrx_word' id='word_1_57' title='bbox 778 647 796 669; x_wconf 89' lang='lat' dir='ltr'>a</span> <span class='ocrx_word' id='word_1_58' title='bbox 824 646 945 679; x_wconf 87' lang='lat' dir='ltr'>paren-</span> 
     </span>
     <span class='ocr_line' id='line_1_10' title="bbox 189 682 944 730; baseline 0.001 -13"><span class='ocrx_word' id='word_1_59' title='bbox 189 683 283 718; x_wconf 86' lang='lat' dir='ltr'>tibus</span> <span class='ocrx_word' id='word_1_60' title='bbox 311 692 372 717; x_wconf 89' lang='lat' dir='ltr'>aut</span> <span class='ocrx_word' id='word_1_61' title='bbox 399 682 563 719; x_wconf 80' lang='lat' dir='ltr'>fratribus</span> <span class='ocrx_word' id='word_1_62' title='bbox 599 684 748 720; x_wconf 85' lang='lat' dir='ltr'>traditae</span> <span class='ocrx_word' id='word_1_63' title='bbox 789 684 944 730; x_wconf 74' lang='lat' dir='ltr'>antiquis</span> 
     </span>
     <span class='ocr_line' id='line_1_11' title="bbox 188 734 946 782; baseline 0.001 -15"><span class='ocrx_word' id='word_1_64' title='bbox 188 734 405 780; x_wconf 76' lang='lat' dir='ltr'>temporibus</span> <span class='ocrx_word' id='word_1_65' title='bbox 433 735 583 782; x_wconf 81' lang='lat' dir='ltr'>exiguo,</span> <span class='ocrx_word' id='word_1_66' title='bbox 611 743 670 770; x_wconf 90' lang='lat' dir='ltr'>aut</span> <span class='ocrx_word' id='word_1_67' title='bbox 697 734 787 769; x_wconf 89' lang='lat' dir='ltr'>nulli</span> <span class='ocrx_word' id='word_1_68' title='bbox 808 734 946 769; x_wconf 87' lang='lat' dir='ltr'>incom-</span> 
     </span>
     <span class='ocr_line' id='line_1_12' title="bbox 187 783 945 832; baseline 0.003 -15"><span class='ocrx_word' id='word_1_69' title='bbox 187 783 295 818; x_wconf 86' lang='lat' dir='ltr'>modo</span> <span class='ocrx_word' id='word_1_70' title='bbox 322 783 479 819; x_wconf 88' lang='lat' dir='ltr'>familiae</span> <span class='ocrx_word' id='word_1_71' title='bbox 505 793 625 828; x_wconf 83' lang='lat' dir='ltr'>erant,</span> <span class='ocrx_word' id='word_1_72' title='bbox 664 785 793 832; x_wconf 87' lang='lat' dir='ltr'>quippe</span> <span class='ocrx_word' id='word_1_73' title='bbox 829 784 945 819; x_wconf 89' lang='lat' dir='ltr'>modi-</span> 
     </span>
     <span class='ocr_line' id='line_1_13' title="bbox 188 834 944 883; baseline 0.003 -15"><span class='ocrx_word' id='word_1_74' title='bbox 188 846 275 873; x_wconf 88' lang='lat' dir='ltr'>cae,</span> <span class='ocrx_word' id='word_1_75' title='bbox 316 843 375 869; x_wconf 89' lang='lat' dir='ltr'>aut</span> <span class='ocrx_word' id='word_1_76' title='bbox 403 834 522 870; x_wconf 84' lang='lat' dir='ltr'>saltem</span> <span class='ocrx_word' id='word_1_77' title='bbox 559 835 782 877; x_wconf 81' lang='lat' dir='ltr'>moderatae,</span> <span class='ocrx_word' id='word_1_78' title='bbox 825 836 944 883; x_wconf 84' lang='lat' dir='ltr'>quales</span> 
     </span>
     <span class='ocr_line' id='line_1_14' title="bbox 188 883 944 933; baseline 0.001 -14"><span class='ocrx_word' id='word_1_79' title='bbox 188 884 300 919; x_wconf 83' lang='lat' dir='ltr'>adhuc</span> <span class='ocrx_word' id='word_1_80' title='bbox 349 885 557 921; x_wconf 84' lang='lat' dir='ltr'>Germanica</span> <span class='ocrx_word' id='word_1_81' title='bbox 597 898 679 933; x_wconf 85' lang='lat' dir='ltr'>gens</span> <span class='ocrx_word' id='word_1_82' title='bbox 707 883 862 920; x_wconf 83' lang='lat' dir='ltr'>conferre</span> <span class='ocrx_word' id='word_1_83' title='bbox 890 884 944 920; x_wconf 93' lang='lat' dir='ltr'>so-</span> 
     </span>
     <span class='ocr_line' id='line_1_15' title="bbox 187 934 943 980; baseline 0.004 -12"><span class='ocrx_word' id='word_1_84' title='bbox 187 935 256 969; x_wconf 87' lang='lat' dir='ltr'>let.</span> <span class='ocrx_word' id='word_1_85' title='bbox 299 934 357 968; x_wconf 92' lang='lat' dir='ltr'>Ab</span> <span class='ocrx_word' id='word_1_86' title='bbox 398 934 522 969; x_wconf 86' lang='lat' dir='ltr'>horum</span> <span class='ocrx_word' id='word_1_87' title='bbox 551 936 705 971; x_wconf 84' lang='lat' dir='ltr'>moribus</span> <span class='ocrx_word' id='word_1_88' title='bbox 739 935 943 980; x_wconf 76' lang='lat' dir='ltr'>discessere,</span> 
     </span>
     <span class='ocr_line' id='line_1_16' title="bbox 186 984 944 1031; baseline 0.005 -13"><span class='ocrx_word' id='word_1_89' title='bbox 186 995 226 1019; x_wconf 89' lang='lat' dir='ltr'>ut</span> <span class='ocrx_word' id='word_1_90' title='bbox 253 996 357 1019; x_wconf 86' lang='lat' dir='ltr'>nemo</span> <span class='ocrx_word' id='word_1_91' title='bbox 399 984 534 1030; x_wconf 89' lang='lat' dir='ltr'>nescit,</span> <span class='ocrx_word' id='word_1_92' title='bbox 578 986 786 1022; x_wconf 84' lang='lat' dir='ltr'>recentiores</span> <span class='ocrx_word' id='word_1_93' title='bbox 829 986 944 1031; x_wconf 83' lang='lat' dir='ltr'>Itali,</span> 
     </span>
     <span class='ocr_line' id='line_1_17' title="bbox 185 1033 944 1082; baseline 0.007 -14"><span class='ocrx_word' id='word_1_94' title='bbox 185 1033 248 1082; x_wconf 88' lang='lat' dir='ltr'>qui</span> <span class='ocrx_word' id='word_1_95' title='bbox 276 1033 312 1069; x_wconf 87' lang='lat' dir='ltr'>in</span> <span class='ocrx_word' id='word_1_96' title='bbox 341 1033 426 1070; x_wconf 82' lang='lat' dir='ltr'>filiis</span> <span class='ocrx_word' id='word_1_97' title='bbox 463 1037 677 1073; x_wconf 89' lang='lat' dir='ltr'>collocandis</span> <span class='ocrx_word' id='word_1_98' title='bbox 719 1037 863 1072; x_wconf 87' lang='lat' dir='ltr'>domum</span> <span class='ocrx_word' id='word_1_99' title='bbox 909 1051 944 1073; x_wconf 90' lang='lat' dir='ltr'>e·-</span> 
     </span>
     <span class='ocr_line' id='line_1_18' title="bbox 186 1084 945 1136; baseline 0.004 -17"><span class='ocrx_word' id='word_1_100' title='bbox 186 1084 350 1120; x_wconf 79' lang='lat' dir='ltr'>xhaurire</span> <span class='ocrx_word' id='word_1_101' title='bbox 377 1095 571 1134; x_wconf 87' lang='lat' dir='ltr'>coguntur,</span> <span class='ocrx_word' id='word_1_102' title='bbox 607 1088 640 1122; x_wconf 71' lang='grc' dir='ltr'>ἃ</span> <span class='ocrx_word' id='word_1_103' title='bbox 670 1088 878 1136; x_wconf 85' lang='lat' dir='ltr'>quandoque</span> <span class='ocrx_word' id='word_1_104' title='bbox 906 1096 945 1122; x_wconf 91' lang='lat' dir='ltr'>ut</span> 
     </span>
     <span class='ocr_line' id='line_1_19' title="bbox 185 1138 944 1178; baseline 0.005 -9"><span class='ocrx_word' id='word_1_105' title='bbox 185 1144 324 1170; x_wconf 84' lang='lat' dir='ltr'>tantum</span> <span class='ocrx_word' id='word_1_106' title='bbox 361 1149 448 1172; x_wconf 90' lang='lat' dir='ltr'>onus</span> <span class='ocrx_word' id='word_1_107' title='bbox 488 1138 693 1178; x_wconf 83' lang='lat' dir='ltr'>excutiant,</span> <span class='ocrx_word' id='word_1_108' title='bbox 730 1151 785 1173; x_wconf 88' lang='lat' dir='ltr'>eas</span> <span class='ocrx_word' id='word_1_109' title='bbox 823 1139 944 1173; x_wconf 89' lang='lat' dir='ltr'>volen—</span> 
     </span>
     <span class='ocr_line' id='line_1_20' title="bbox 187 1186 943 1227; baseline 0.003 -7"><span class='ocrx_word' id='word_1_110' title='bbox 187 1195 265 1225; x_wconf 85' lang='lat' dir='ltr'>tes,</span> <span class='ocrx_word' id='word_1_111' title='bbox 309 1186 444 1221; x_wconf 85' lang='lat' dir='ltr'>utinam</span> <span class='ocrx_word' id='word_1_112' title='bbox 473 1201 542 1223; x_wconf 91' lang='lat' dir='ltr'>non</span> <span class='ocrx_word' id='word_1_113' title='bbox 571 1188 609 1225; x_wconf 68' lang='grc' dir='ltr'>ἃ</span> <span class='ocrx_word' id='word_1_114' title='bbox 637 1190 823 1227; x_wconf 78' lang='lat' dir='ltr'>nolentes,</span> <span class='ocrx_word' id='word_1_115' title='bbox 862 1190 943 1222; x_wconf 88' lang='lat' dir='ltr'>Par-</span> 
     </span>
     <span class='ocr_line' id='line_1_21' title="bbox 190 1235 632 1273; baseline 0.007 -3"><span class='ocrx_word' id='word_1_116' title='bbox 190 1235 336 1271; x_wconf 83' lang='lat' dir='ltr'>thenoni</span> <span class='ocrx_word' id='word_1_117' title='bbox 366 1238 632 1273; x_wconf 83' lang='lat' dir='ltr'>commendant.</span> 
     </span>
    </p>

    <p class='ocr_par' dir='ltr' id='par_1_4' title="bbox 239 1285 946 1336">
     <span class='ocr_line' id='line_1_22' title="bbox 239 1285 946 1336; baseline 0.003 -16"><span class='ocrx_word' id='word_1_118' title='bbox 239 1285 377 1321; x_wconf 77' lang='lat' dir='ltr'>Contra</span> <span class='ocrx_word' id='word_1_119' title='bbox 404 1301 422 1321; x_wconf 90' lang='lat' dir='ltr'>a</span> <span class='ocrx_word' id='word_1_120' title='bbox 451 1287 537 1322; x_wconf 88' lang='lat' dir='ltr'>viris</span> <span class='ocrx_word' id='word_1_121' title='bbox 565 1287 693 1322; x_wconf 85' lang='lat' dir='ltr'>mulier</span> <span class='ocrx_word' id='word_1_122' title='bbox 719 1300 789 1323; x_wconf 88' lang='lat' dir='ltr'>non</span> <span class='ocrx_word' id='word_1_123' title='bbox 816 1301 946 1336; x_wconf 83' lang='lat' dir='ltr'>parvo,</span> 
     </span>
    </p>
   </div>
   <div class='ocr_carea' id='block_1_4' title="bbox 191 1335 946 1385">
    <p class='ocr_par' dir='ltr' id='par_1_5' title="bbox 191 1335 946 1385">
     <span class='ocr_line' id='line_1_23' title="bbox 191 1335 946 1385; baseline 0.003 -15"><span class='ocrx_word' id='word_1_124' title='bbox 191 1344 229 1371; x_wconf 88' lang='lat' dir='ltr'>ut</span> <span class='ocrx_word' id='word_1_125' title='bbox 256 1336 305 1371; x_wconf 86' lang='lat' dir='ltr'>ita</span> <span class='ocrx_word' id='word_1_126' title='bbox 334 1335 446 1371; x_wconf 80' lang='lat' dir='ltr'>dicam</span> <span class='ocrx_word' id='word_1_127' title='bbox 464 1361 474 1376; x_wconf 91' lang='lat'>,</span> <span class='ocrx_word' id='word_1_128' title='bbox 510 1337 579 1372; x_wconf 88' lang='lat' dir='ltr'>emi</span> <span class='ocrx_word' id='word_1_129' title='bbox 609 1338 815 1385; x_wconf 77' lang='lat' dir='ltr'>videbatur3</span> <span class='ocrx_word' id='word_1_130' title='bbox 852 1337 946 1384; x_wconf 88' lang='lat' dir='ltr'>quod</span> 
     </span>
    </p>
   </div>
   <div class='ocr_carea' id='block_1_5' title="bbox 182 1385 950 2593">
    <p class='ocr_par' dir='ltr' id='par_1_6' title="bbox 182 1385 950 2593">
     <span class='ocr_line' id='line_1_24' title="bbox 189 1385 946 1426; baseline 0 -5"><span class='ocrx_word' id='word_1_131' title='bbox 189 1385 227 1421; x_wconf 76' lang='grc' dir='ltr'>ἂ</span> <span class='ocrx_word' id='word_1_132' title='bbox 256 1385 471 1421; x_wconf 86' lang='lat' dir='ltr'>Thucidides</span> <span class='ocrx_word' id='word_1_133' title='bbox 499 1387 536 1421; x_wconf 90' lang='lat' dir='ltr'>in</span> <span class='ocrx_word' id='word_1_134' title='bbox 564 1387 739 1426; x_wconf 88' lang='lat' dir='ltr'>Historia,</span> <span class='ocrx_word' id='word_1_135' title='bbox 784 1389 817 1421; x_wconf 91' lang='lat'>&amp;</span> <span class='ocrx_word' id='word_1_136' title='bbox 859 1386 946 1421; x_wconf 84' lang='lat' dir='ltr'>Ari-</span> 
     </span>
     <span class='ocr_line' id='line_1_25' title="bbox 187 1435 945 1472; baseline 0.004 -3"><span class='ocrx_word' id='word_1_137' title='bbox 187 1435 324 1470; x_wconf 85' lang='lat' dir='ltr'>stoteles</span> <span class='ocrx_word' id='word_1_138' title='bbox 367 1436 403 1470; x_wconf 87' lang='lat' dir='ltr'>in</span> <span class='ocrx_word' id='word_1_139' title='bbox 443 1435 605 1471; x_wconf 76' lang='lat' dir='ltr'>politicis</span> <span class='ocrx_word' id='word_1_140' title='bbox 640 1436 728 1471; x_wconf 82' lang='lat' dir='ltr'>olim</span> <span class='ocrx_word' id='word_1_141' title='bbox 757 1450 776 1472; x_wconf 89' lang='lat' dir='ltr'>a</span> <span class='ocrx_word' id='word_1_142' title='bbox 803 1436 945 1472; x_wconf 85' lang='lat' dir='ltr'>Graecis</span> 
     </span>
     <span class='ocr_line' id='line_1_26' title="bbox 187 1484 945 1533; baseline 0.004 -14"><span class='ocrx_word' id='word_1_143' title='bbox 187 1485 342 1524; x_wconf 55' lang='lat' dir='ltr'>saprum,</span> <span class='ocrx_word' id='word_1_144' title='bbox 369 1484 484 1521; x_wconf 85' lang='lat' dir='ltr'>literis</span> <span class='ocrx_word' id='word_1_145' title='bbox 513 1486 714 1533; x_wconf 76' lang='lat' dir='ltr'>prodidere,</span> <span class='ocrx_word' id='word_1_146' title='bbox 742 1488 793 1522; x_wconf 90' lang='lat' dir='ltr'>ita</span> <span class='ocrx_word' id='word_1_147' title='bbox 821 1496 860 1522; x_wconf 90' lang='lat' dir='ltr'>ut</span> <span class='ocrx_word' id='word_1_148' title='bbox 887 1500 945 1522; x_wconf 90' lang='lat' dir='ltr'>eo-</span> 
     </span>
     <span class='ocr_line' id='line_1_27' title="bbox 187 1535 946 1583; baseline 0.001 -11"><span class='ocrx_word' id='word_1_149' title='bbox 187 1549 264 1572; x_wconf 86' lang='lat' dir='ltr'>rum</span> <span class='ocrx_word' id='word_1_150' title='bbox 296 1536 451 1582; x_wconf 78' lang='lat' dir='ltr'>Nuptiae</span> <span class='ocrx_word' id='word_1_151' title='bbox 479 1535 607 1583; x_wconf 85' lang='lat' dir='ltr'>species</span> <span class='ocrx_word' id='word_1_152' title='bbox 627 1537 796 1581; x_wconf 84' lang='lat' dir='ltr'>quaedam</span> <span class='ocrx_word' id='word_1_153' title='bbox 816 1537 946 1573; x_wconf 78' lang='lat' dir='ltr'>emtio-</span> 
     </span>
     <span class='ocr_line' id='line_1_28' title="bbox 188 1585 945 1623; baseline 0.003 -2"><span class='ocrx_word' id='word_1_154' title='bbox 188 1586 243 1622; x_wconf 85' lang='lat' dir='ltr'>nis</span> <span class='ocrx_word' id='word_1_155' title='bbox 280 1587 311 1621; x_wconf 81' lang='grc' dir='ltr'>δι</span> <span class='ocrx_word' id='word_1_156' title='bbox 355 1585 572 1622; x_wconf 84' lang='lat' dir='ltr'>venditionis</span> <span class='ocrx_word' id='word_1_157' title='bbox 616 1587 746 1622; x_wconf 78' lang='lat' dir='ltr'>effent.</span> <span class='ocrx_word' id='word_1_158' title='bbox 797 1588 945 1623; x_wconf 86' lang='lat' dir='ltr'>Tacitus</span> 
     </span>
     <span class='ocr_line' id='line_1_29' title="bbox 189 1637 942 1684; baseline 0.004 -13"><span class='ocrx_word' id='word_1_159' title='bbox 189 1650 329 1684; x_wconf 84' lang='lat' dir='ltr'>quoque</span> <span class='ocrx_word' id='word_1_160' title='bbox 357 1637 398 1672; x_wconf 89' lang='lat' dir='ltr'>de</span> <span class='ocrx_word' id='word_1_161' title='bbox 418 1639 673 1672; x_wconf 87' lang='lat' dir='ltr'>Germanorum</span> <span class='ocrx_word' id='word_1_162' title='bbox 696 1639 851 1674; x_wconf 88' lang='lat' dir='ltr'>moribus</span> <span class='ocrx_word' id='word_1_163' title='bbox 873 1638 942 1674; x_wconf 86' lang='lat' dir='ltr'>ait:</span> 
     </span>
     <span class='ocr_line' id='line_1_30' title="bbox 188 1688 947 1732; baseline 0.005 -13"><span class='ocrx_word' id='word_1_164' title='bbox 188 1690 302 1723; x_wconf 79' lang='lat' dir='ltr'>Dotem</span> <span class='ocrx_word' id='word_1_165' title='bbox 342 1700 402 1720; x_wconf 82' lang='lat' dir='ltr'>mm</span> <span class='ocrx_word' id='word_1_166' title='bbox 443 1699 517 1720; x_wconf 74' lang='lat' dir='ltr'>uxor</span> <span class='ocrx_word' id='word_1_167' title='bbox 556 1688 691 1728; x_wconf 79' lang='lat' dir='ltr'>marito,</span> <span class='ocrx_word' id='word_1_168' title='bbox 731 1689 790 1732; x_wconf 82' lang='lat' dir='ltr'>sed</span> <span class='ocrx_word' id='word_1_169' title='bbox 815 1689 947 1724; x_wconf 81' lang='lat' dir='ltr'>maritus</span> 
     </span>
     <span class='ocr_line' id='line_1_31' title="bbox 189 1737 946 1784; baseline 0.004 -13"><span class='ocrx_word' id='word_1_170' title='bbox 189 1740 276 1772; x_wconf 80' lang='lat' dir='ltr'>uxori</span> <span class='ocrx_word' id='word_1_171' title='bbox 303 1737 416 1783; x_wconf 84' lang='lat' dir='ltr'>affert.</span> <span class='ocrx_word' id='word_1_172' title='bbox 455 1739 547 1772; x_wconf 86' lang='lat' dir='ltr'>Nam</span> <span class='ocrx_word' id='word_1_173' title='bbox 576 1738 690 1781; x_wconf 72' lang='lat' dir='ltr'>primo</span> <span class='ocrx_word' id='word_1_174' title='bbox 719 1739 776 1774; x_wconf 85' lang='lat' dir='ltr'>vir</span> <span class='ocrx_word' id='word_1_175' title='bbox 801 1742 946 1784; x_wconf 49' lang='lat' dir='ltr'>listram,</span> 
     </span>
     <span class='ocr_line' id='line_1_32' title="bbox 190 1787 944 1836; baseline 0.004 -14"><span class='ocrx_word' id='word_1_176' title='bbox 190 1787 247 1822; x_wconf 89' lang='lat' dir='ltr'>seu</span> <span class='ocrx_word' id='word_1_177' title='bbox 275 1788 456 1826; x_wconf 71' lang='lat' dir='ltr'>Methium,</span> <span class='ocrx_word' id='word_1_178' title='bbox 484 1797 544 1823; x_wconf 84' lang='lat' dir='ltr'>aut</span> <span class='ocrx_word' id='word_1_179' title='bbox 563 1790 729 1836; x_wconf 81' lang='lat' dir='ltr'>Mephium</span> <span class='ocrx_word' id='word_1_180' title='bbox 757 1789 830 1836; x_wconf 86' lang='lat' dir='ltr'>(ita</span> <span class='ocrx_word' id='word_1_181' title='bbox 852 1790 944 1825; x_wconf 91' lang='lat' dir='ltr'>enim</span> 
     </span>
     <span class='ocr_line' id='line_1_33' title="bbox 191 1837 946 1889; baseline 0.007 -18"><span class='ocrx_word' id='word_1_182' title='bbox 191 1837 287 1872; x_wconf 81' lang='lat' dir='ltr'>varie</span> <span class='ocrx_word' id='word_1_183' title='bbox 329 1837 491 1878; x_wconf 82' lang='lat' dir='ltr'>effertur,</span> <span class='ocrx_word' id='word_1_184' title='bbox 529 1849 589 1875; x_wconf 90' lang='lat' dir='ltr'>aut</span> <span class='ocrx_word' id='word_1_185' title='bbox 634 1841 870 1889; x_wconf 83' lang='lat' dir='ltr'>corrumpitur</span> <span class='ocrx_word' id='word_1_186' title='bbox 910 1840 946 1876; x_wconf 87' lang='lat' dir='ltr'>in</span> 
     </span>
     <span class='ocr_line' id='line_1_34' title="bbox 190 1887 947 1938; baseline 0.004 -14"><span class='ocrx_word' id='word_1_187' title='bbox 190 1887 312 1924; x_wconf 82' lang='lat' dir='ltr'>Libris</span> <span class='ocrx_word' id='word_1_188' title='bbox 340 1897 496 1923; x_wconf 89' lang='lat' dir='ltr'>veterum</span> <span class='ocrx_word' id='word_1_189' title='bbox 524 1902 594 1924; x_wconf 88' lang='lat' dir='ltr'>vox</span> <span class='ocrx_word' id='word_1_190' title='bbox 623 1890 715 1938; x_wconf 85' lang='lat' dir='ltr'>ista)</span> <span class='ocrx_word' id='word_1_191' title='bbox 757 1904 818 1934; x_wconf 87' lang='lat' dir='ltr'>pro</span> <span class='ocrx_word' id='word_1_192' title='bbox 845 1890 947 1927; x_wconf 87' lang='lat' dir='ltr'>femi-</span> 
     </span>
     <span class='ocr_line' id='line_1_35' title="bbox 191 1937 948 1984; baseline 0.007 -12"><span class='ocrx_word' id='word_1_193' title='bbox 191 1951 235 1973; x_wconf 86' lang='lat' dir='ltr'>na</span> <span class='ocrx_word' id='word_1_194' title='bbox 264 1937 498 1984; x_wconf 83' lang='lat' dir='ltr'>persolvebat.</span> <span class='ocrx_word' id='word_1_195' title='bbox 543 1940 679 1976; x_wconf 87' lang='lat' dir='ltr'>Deinde</span> <span class='ocrx_word' id='word_1_196' title='bbox 715 1946 799 1977; x_wconf 76' lang='lat' dir='ltr'>vero</span> <span class='ocrx_word' id='word_1_197' title='bbox 835 1942 948 1977; x_wconf 81' lang='lat' dir='ltr'>eidem</span> 
     </span>
     <span class='ocr_line' id='line_1_36' title="bbox 192 1987 949 2039; baseline 0.005 -16"><span class='ocrx_word' id='word_1_198' title='bbox 192 1987 424 2023; x_wconf 82' lang='lat' dir='ltr'>constituebat</span> <span class='ocrx_word' id='word_1_199' title='bbox 464 1992 674 2036; x_wconf 73' lang='lat' dir='ltr'>Nl&#39;orgincab,</span> <span class='ocrx_word' id='word_1_200' title='bbox 715 1991 771 2027; x_wconf 87' lang='lat' dir='ltr'>seu</span> <span class='ocrx_word' id='word_1_201' title='bbox 798 1993 949 2039; x_wconf 80' lang='lat' dir='ltr'>Morgin-</span> 
     </span>
     <span class='ocr_line' id='line_1_37' title="bbox 190 2038 948 2090; baseline 0.008 -18"><span class='ocrx_word' id='word_1_202' title='bbox 190 2049 247 2082; x_wconf 81' lang='lat' dir='ltr'>cap</span> <span class='ocrx_word' id='word_1_203' title='bbox 264 2063 273 2076; x_wconf 84' lang='lat'>‚</span> <span class='ocrx_word' id='word_1_204' title='bbox 300 2038 355 2073; x_wconf 84' lang='lat' dir='ltr'>seu</span> <span class='ocrx_word' id='word_1_205' title='bbox 385 2040 606 2086; x_wconf 69' lang='lat' dir='ltr'>Morgangeba</span> <span class='ocrx_word' id='word_1_206' title='bbox 634 2040 795 2090; x_wconf 84' lang='lat' dir='ltr'>(quippe</span> <span class='ocrx_word' id='word_1_207' title='bbox 823 2041 861 2078; x_wconf 73' lang='grc' dir='ltr'>ἃ</span> <span class='ocrx_word' id='word_1_208' title='bbox 889 2043 948 2078; x_wconf 89' lang='lat' dir='ltr'>ista</span> 
     </span>
     <span class='ocr_line' id='line_1_38' title="bbox 191 2092 949 2136; baseline 0.007 -12"><span class='ocrx_word' id='word_1_209' title='bbox 191 2102 289 2131; x_wconf 80' lang='lat' dir='ltr'>vox,</span> <span class='ocrx_word' id='word_1_210' title='bbox 340 2102 446 2136; x_wconf 78' lang='lat' dir='ltr'>aeque</span> <span class='ocrx_word' id='word_1_211' title='bbox 474 2103 511 2125; x_wconf 83' lang='lat' dir='ltr'>ac</span> <span class='ocrx_word' id='word_1_212' title='bbox 548 2092 677 2134; x_wconf 82' lang='lat' dir='ltr'>altera,</span> <span class='ocrx_word' id='word_1_213' title='bbox 713 2093 949 2134; x_wconf 79' lang='lat' dir='ltr'>Germanica,</span> 
     </span>
     <span class='ocr_line' id='line_1_39' title="bbox 189 2139 950 2191; baseline 0.005 -16"><span class='ocrx_word' id='word_1_214' title='bbox 189 2153 261 2175; x_wconf 83' lang='lat' dir='ltr'>non</span> <span class='ocrx_word' id='word_1_215' title='bbox 291 2140 357 2174; x_wconf 68' lang='lat' dir='ltr'>una</span> <span class='ocrx_word' id='word_1_216' title='bbox 385 2139 595 2176; x_wconf 78' lang='lat' dir='ltr'>scribebatur</span> <span class='ocrx_word' id='word_1_217' title='bbox 616 2142 796 2191; x_wconf 83' lang='lat' dir='ltr'>ratione).</span> <span class='ocrx_word' id='word_1_218' title='bbox 826 2144 950 2179; x_wconf 76' lang='lat' dir='ltr'>Utriu-</span> 
     </span>
     <span class='ocr_line' id='line_1_40' title="bbox 190 2190 949 2241; baseline 0.004 -15"><span class='ocrx_word' id='word_1_219' title='bbox 190 2190 273 2236; x_wconf 80' lang='lat' dir='ltr'>sque</span> <span class='ocrx_word' id='word_1_220' title='bbox 302 2190 504 2226; x_wconf 80' lang='lat' dir='ltr'>donationis</span> <span class='ocrx_word' id='word_1_221' title='bbox 548 2192 681 2227; x_wconf 76' lang='lat' dir='ltr'>mentio</span> <span class='ocrx_word' id='word_1_222' title='bbox 719 2193 763 2228; x_wconf 85' lang='lat' dir='ltr'>est</span> <span class='ocrx_word' id='word_1_223' title='bbox 789 2193 826 2229; x_wconf 87' lang='lat' dir='ltr'>in</span> <span class='ocrx_word' id='word_1_224' title='bbox 855 2197 949 2241; x_wconf 83' lang='lat' dir='ltr'>Lege</span> 
     </span>
     <span class='ocr_line' id='line_1_41' title="bbox 190 2241 950 2290; baseline 0.005 -16"><span class='ocrx_word' id='word_1_225' title='bbox 190 2253 248 2288; x_wconf 84' lang='lat'>49.</span> <span class='ocrx_word' id='word_1_226' title='bbox 282 2241 493 2288; x_wconf 85' lang='lat' dir='ltr'>Liutprandi</span> <span class='ocrx_word' id='word_1_227' title='bbox 525 2242 627 2290; x_wconf 78' lang='lat' dir='ltr'>Regis</span> <span class='ocrx_word' id='word_1_228' title='bbox 664 2243 745 2279; x_wconf 84' lang='lat' dir='ltr'>Lib.</span> <span class='ocrx_word' id='word_1_229' title='bbox 776 2249 809 2280; x_wconf 81' lang='grc' dir='ltr'>ὁ.</span> <span class='ocrx_word' id='word_1_230' title='bbox 855 2247 950 2278; x_wconf 72' lang='lat' dir='ltr'>Nulli</span> 
     </span>
     <span class='ocr_line' id='line_1_42' title="bbox 182 2291 949 2338; baseline 0.005 -13"><span class='ocrx_word' id='word_1_231' title='bbox 182 2292 231 2333; x_wconf 72' lang='lat' dir='ltr'>sit</span> <span class='ocrx_word' id='word_1_232' title='bbox 270 2291 397 2325; x_wconf 75' lang='lat' dir='ltr'>licentia</span> <span class='ocrx_word' id='word_1_233' title='bbox 434 2291 559 2338; x_wconf 78' lang='lat' dir='ltr'>conjugi</span> <span class='ocrx_word' id='word_1_234' title='bbox 594 2293 671 2336; x_wconf 75' lang='lat' dir='ltr'>suae</span> <span class='ocrx_word' id='word_1_235' title='bbox 710 2296 748 2329; x_wconf 82' lang='lat' dir='ltr'>de</span> <span class='ocrx_word' id='word_1_236' title='bbox 775 2296 862 2328; x_wconf 80' lang='lat' dir='ltr'>rebus</span> <span class='ocrx_word' id='word_1_237' title='bbox 885 2295 949 2337; x_wconf 76' lang='lat' dir='ltr'>suis</span> 
     </span>
     <span class='ocr_line' id='line_1_43' title="bbox 192 2342 948 2391; baseline 0.005 -16"><span class='ocrx_word' id='word_1_238' title='bbox 192 2343 269 2377; x_wconf 71' lang='lat' dir='ltr'>dare</span> <span class='ocrx_word' id='word_1_239' title='bbox 295 2342 431 2389; x_wconf 62' lang='lat' dir='ltr'>amplisu</span> <span class='ocrx_word' id='word_1_240' title='bbox 456 2356 511 2389; x_wconf 86' lang='lat' dir='ltr'>per</span> <span class='ocrx_word' id='word_1_241' title='bbox 530 2344 745 2390; x_wconf 72' lang='lat' dir='ltr'>qualecumque</span> <span class='ocrx_word' id='word_1_242' title='bbox 769 2345 948 2391; x_wconf 69' lang='lat' dir='ltr'>ingenium,</span> 
     </span>
     <span class='ocr_line' id='line_1_44' title="bbox 192 2391 950 2440; baseline 0.004 -13"><span class='ocrx_word' id='word_1_243' title='bbox 192 2391 257 2427; x_wconf 68' lang='lat' dir='ltr'>nil?</span> <span class='ocrx_word' id='word_1_244' title='bbox 282 2394 361 2434; x_wconf 75' lang='lat' dir='ltr'>quod</span> <span class='ocrx_word' id='word_1_245' title='bbox 387 2393 416 2427; x_wconf 75' lang='lat' dir='ltr'>ei</span> <span class='ocrx_word' id='word_1_246' title='bbox 443 2393 476 2427; x_wconf 80' lang='lat' dir='ltr'>t&#39;n</span> <span class='ocrx_word' id='word_1_247' title='bbox 502 2394 554 2427; x_wconf 80' lang='lat' dir='ltr'>dt&#39;e</span> <span class='ocrx_word' id='word_1_248' title='bbox 580 2406 720 2429; x_wconf 62' lang='lat' dir='ltr'>votorum</span> <span class='ocrx_word' id='word_1_249' title='bbox 761 2395 793 2430; x_wconf 74' lang='lat' dir='ltr'>in</span> <span class='ocrx_word' id='word_1_250' title='bbox 822 2396 950 2440; x_wconf 64' lang='lat' dir='ltr'>Mephfo</span> 
     </span>
     <span class='ocr_line' id='line_1_45' title="bbox 191 2443 950 2493; baseline 0.008 -17"><span class='ocrx_word' id='word_1_251' title='bbox 191 2443 237 2476; x_wconf 73' lang='lat'>(9¹</span> <span class='ocrx_word' id='word_1_252' title='bbox 263 2443 452 2489; x_wconf 60' lang='lat' dir='ltr'>Mor-gineap</span> <span class='ocrx_word' id='word_1_253' title='bbox 479 2443 632 2480; x_wconf 80' lang='lat' dir='ltr'>dederit.</span> <span class='ocrx_word' id='word_1_254' title='bbox 661 2445 860 2493; x_wconf 77' lang='lat' dir='ltr'>Utramque</span> <span class='ocrx_word' id='word_1_255' title='bbox 888 2460 950 2482; x_wconf 92' lang='lat' dir='ltr'>vo-</span> 
     </span>
     <span class='ocr_line' id='line_1_46' title="bbox 194 2495 949 2544; baseline 0.009 -18"><span class='ocrx_word' id='word_1_256' title='bbox 194 2505 268 2527; x_wconf 86' lang='lat' dir='ltr'>cem</span> <span class='ocrx_word' id='word_1_257' title='bbox 290 2495 450 2539; x_wconf 83' lang='lat' dir='ltr'>explico.</span> <span class='ocrx_word' id='word_1_258' title='bbox 473 2495 696 2544; x_wconf 74' lang='lat' dir='ltr'>Langobardi</span> <span class='ocrx_word' id='word_1_259' title='bbox 719 2510 856 2544; x_wconf 81' lang='lat' dir='ltr'>quoque</span> <span class='ocrx_word' id='word_1_260' title='bbox 877 2511 949 2533; x_wconf 89' lang='lat' dir='ltr'>me-</span> 
     </span>
     <span class='ocr_line' id='line_1_47' title="bbox 193 2542 950 2593; baseline 0.007 -15"><span class='ocrx_word' id='word_1_261' title='bbox 193 2542 371 2586; x_wconf 74' lang='lat' dir='ltr'>ditantes,</span> <span class='ocrx_word' id='word_1_262' title='bbox 406 2555 536 2593; x_wconf 80' lang='lat' dir='ltr'>quanta</span> <span class='ocrx_word' id='word_1_263' title='bbox 571 2545 612 2583; x_wconf 88' lang='lat' dir='ltr'>fit</span> <span class='ocrx_word' id='word_1_264' title='bbox 643 2547 794 2584; x_wconf 78' lang='lat' dir='ltr'>feminae</span> <span class='ocrx_word' id='word_1_265' title='bbox 821 2547 950 2586; x_wconf 86' lang='lat' dir='ltr'>mentis</span> 
     </span>
    </p>
   </div>
   <div class='ocr_carea' id='block_1_6' title="bbox 1028 1517 1040 2347">
    <p class='ocr_par' dir='ltr' id='par_1_7' title="bbox 1028 1517 1040 2347">
     <span class='ocr_line' id='line_1_48' title="bbox 1028 1517 1040 2347; baseline 0 0"><span class='ocrx_word' id='word_1_266' title='bbox 1028 1517 1040 2347; x_wconf 95' lang='lat' dir='ltr'> </span> 
     </span>
    </p>
   </div>
   <div class='ocr_carea' id='block_1_7' title="bbox 1051 329 1826 2632">
    <p class='ocr_par' dir='ltr' id='par_1_8' title="bbox 1051 329 1826 2632">
     <span class='ocr_line' id='line_1_49' title="bbox 1058 329 1810 377; baseline 0.005 -15"><span class='ocrx_word' id='word_1_267' title='bbox 1058 342 1104 363; x_wconf 92' lang='lat' dir='ltr'>xu</span> <span class='ocrx_word' id='word_1_268' title='bbox 1132 343 1242 364; x_wconf 86' lang='lat' dir='ltr'>rerum</span> <span class='ocrx_word' id='word_1_269' title='bbox 1281 330 1519 377; x_wconf 86' lang='lat' dir='ltr'>experientia,</span> <span class='ocrx_word' id='word_1_270' title='bbox 1561 329 1599 366; x_wconf 83' lang='lat'>&amp;</span> <span class='ocrx_word' id='word_1_271' title='bbox 1637 330 1810 367; x_wconf 79' lang='lat' dir='ltr'>fraudibus</span> 
     </span>
     <span class='ocr_line' id='line_1_50' title="bbox 1057 380 1811 424; baseline 0.005 -12"><span class='ocrx_word' id='word_1_272' title='bbox 1057 380 1212 414; x_wconf 85' lang='lat' dir='ltr'>obnoxia</span> <span class='ocrx_word' id='word_1_273' title='bbox 1239 381 1450 420; x_wconf 86' lang='lat' dir='ltr'>credulitas.</span> <span class='ocrx_word' id='word_1_274' title='bbox 1478 381 1725 424; x_wconf 85' lang='lat' dir='ltr'>decreverunt,</span> <span class='ocrx_word' id='word_1_275' title='bbox 1769 395 1811 416; x_wconf 83' lang='lat' dir='ltr'>ne</span> 
     </span>
     <span class='ocr_line' id='line_1_51' title="bbox 1058 429 1811 479; baseline 0.005 -17"><span class='ocrx_word' id='word_1_276' title='bbox 1058 441 1126 474; x_wconf 89' lang='lat' dir='ltr'>qua</span> <span class='ocrx_word' id='word_1_277' title='bbox 1154 429 1288 464; x_wconf 85' lang='lat' dir='ltr'>Mulier</span> <span class='ocrx_word' id='word_1_278' title='bbox 1315 431 1420 471; x_wconf 72' lang='lat' dir='ltr'>effer,</span> <span class='ocrx_word' id='word_1_279' title='bbox 1462 445 1549 479; x_wconf 88' lang='lat' dir='ltr'>quae</span> <span class='ocrx_word' id='word_1_280' title='bbox 1576 431 1636 467; x_wconf 88' lang='lat' dir='ltr'>sub</span> <span class='ocrx_word' id='word_1_281' title='bbox 1664 431 1811 478; x_wconf 75' lang='lat' dir='ltr'>alicujus</span> 
     </span>
     <span class='ocr_line' id='line_1_52' title="bbox 1062 478 1811 530; baseline 0.004 -18"><span class='ocrx_word' id='word_1_282' title='bbox 1062 478 1140 513; x_wconf 83' lang='lat' dir='ltr'>Viri</span> <span class='ocrx_word' id='word_1_283' title='bbox 1169 481 1278 515; x_wconf 84' lang='lat' dir='ltr'>tutela</span> <span class='ocrx_word' id='word_1_284' title='bbox 1294 507 1304 523; x_wconf 93' lang='lat'><strong>‚</strong></span> <span class='ocrx_word' id='word_1_285' title='bbox 1334 482 1549 528; x_wconf 60' lang='lat' dir='ltr'>promotione</span> <span class='ocrx_word' id='word_1_286' title='bbox 1565 510 1574 525; x_wconf 80' lang='grc'>,</span> <span class='ocrx_word' id='word_1_287' title='bbox 1602 481 1640 518; x_wconf 87' lang='lat'>&amp;</span> <span class='ocrx_word' id='word_1_288' title='bbox 1664 482 1811 530; x_wconf 78' lang='lat' dir='ltr'>quadam</span> 
     </span>
     <span class='ocr_line' id='line_1_53' title="bbox 1060 529 1813 576; baseline 0.004 -13"><span class='ocrx_word' id='word_1_289' title='bbox 1060 529 1225 576; x_wconf 81' lang='lat' dir='ltr'>potestate</span> <span class='ocrx_word' id='word_1_290' title='bbox 1247 530 1402 571; x_wconf 83' lang='lat' dir='ltr'>viveret,</span> <span class='ocrx_word' id='word_1_291' title='bbox 1430 535 1479 568; x_wconf 87' lang='lat' dir='ltr'>ita</span> <span class='ocrx_word' id='word_1_292' title='bbox 1500 542 1540 568; x_wconf 89' lang='lat' dir='ltr'>ut</span> <span class='ocrx_word' id='word_1_293' title='bbox 1561 532 1629 568; x_wconf 85' lang='lat' dir='ltr'>fine</span> <span class='ocrx_word' id='word_1_294' title='bbox 1649 532 1813 567; x_wconf 86' lang='lat' dir='ltr'>consensu</span> 
     </span>
     <span class='ocr_line' id='line_1_54' title="bbox 1060 579 1812 626; baseline 0.005 -13"><span class='ocrx_word' id='word_1_295' title='bbox 1060 579 1189 614; x_wconf 67' lang='lat' dir='ltr'>tutoris</span> <span class='ocrx_word' id='word_1_296' title='bbox 1217 580 1366 626; x_wconf 78' lang='lat' dir='ltr'>ejusdem</span> <span class='ocrx_word' id='word_1_297' title='bbox 1395 583 1488 618; x_wconf 86' lang='lat' dir='ltr'>irriti</span> <span class='ocrx_word' id='word_1_298' title='bbox 1530 584 1635 619; x_wconf 78' lang='lat' dir='ltr'>effent</span> <span class='ocrx_word' id='word_1_299' title='bbox 1663 583 1812 618; x_wconf 83' lang='lat' dir='ltr'>feminae</span> 
     </span>
     <span class='ocr_line' id='line_1_55' title="bbox 1060 629 1814 669; baseline 0.008 -6"><span class='ocrx_word' id='word_1_300' title='bbox 1060 629 1284 669; x_wconf 54' lang='lat' dir='ltr'>contraditis,</span> <span class='ocrx_word' id='word_1_301' title='bbox 1322 631 1568 669; x_wconf 82' lang='lat' dir='ltr'>alienationem</span> <span class='ocrx_word' id='word_1_302' title='bbox 1610 646 1723 669; x_wconf 86' lang='lat' dir='ltr'>rerum</span> <span class='ocrx_word' id='word_1_303' title='bbox 1760 646 1814 668; x_wconf 85' lang='lat' dir='ltr'>re-</span> 
     </span>
     <span class='ocr_line' id='line_1_56' title="bbox 1060 679 1815 732; baseline 0.003 -18"><span class='ocrx_word' id='word_1_304' title='bbox 1060 679 1265 725; x_wconf 81' lang='lat' dir='ltr'>spicientes.</span> <span class='ocrx_word' id='word_1_305' title='bbox 1305 682 1434 718; x_wconf 76' lang='lat' dir='ltr'>Tutela</span> <span class='ocrx_word' id='word_1_306' title='bbox 1474 684 1670 732; x_wconf 86' lang='lat' dir='ltr'>hujusmodi</span> <span class='ocrx_word' id='word_1_307' title='bbox 1708 686 1815 717; x_wconf 76' lang='lat' dir='ltr'>Mim-</span> 
     </span>
     <span class='ocr_line' id='line_1_57' title="bbox 1058 731 1814 779; baseline 0.004 -15"><span class='ocrx_word' id='word_1_308' title='bbox 1058 731 1147 764; x_wconf 81' lang='lat' dir='ltr'>dium</span> <span class='ocrx_word' id='word_1_309' title='bbox 1174 731 1412 779; x_wconf 83' lang='lat' dir='ltr'>appellabatur</span> <span class='ocrx_word' id='word_1_310' title='bbox 1439 746 1457 767; x_wconf 84' lang='lat' dir='ltr'>a</span> <span class='ocrx_word' id='word_1_311' title='bbox 1484 736 1656 770; x_wconf 75' lang='lat' dir='ltr'>saxonico</span> <span class='ocrx_word' id='word_1_312' title='bbox 1681 735 1814 768; x_wconf 73' lang='lat' dir='ltr'>Mzmd:</span> 
     </span>
     <span class='ocr_line' id='line_1_58' title="bbox 1060 779 1815 833; baseline 0.005 -18"><span class='ocrx_word' id='word_1_313' title='bbox 1060 779 1098 815; x_wconf 82' lang='lat'>&amp;</span> <span class='ocrx_word' id='word_1_314' title='bbox 1127 781 1182 817; x_wconf 80' lang='lat' dir='ltr'>vir</span> <span class='ocrx_word' id='word_1_315' title='bbox 1208 782 1291 821; x_wconf 83' lang='lat' dir='ltr'>ille,</span> <span class='ocrx_word' id='word_1_316' title='bbox 1328 781 1370 817; x_wconf 90' lang='lat' dir='ltr'>ad</span> <span class='ocrx_word' id='word_1_317' title='bbox 1397 795 1500 829; x_wconf 86' lang='lat' dir='ltr'>quem</span> <span class='ocrx_word' id='word_1_318' title='bbox 1537 785 1708 833; x_wconf 59' lang='lat' dir='ltr'>speeiabat</span> <span class='ocrx_word' id='word_1_319' title='bbox 1736 797 1815 819; x_wconf 83' lang='lat' dir='ltr'>mu-</span> 
     </span>
     <span class='ocr_line' id='line_1_59' title="bbox 1060 831 1814 881; baseline 0.011 -16"><span class='ocrx_word' id='word_1_320' title='bbox 1060 831 1157 866; x_wconf 89' lang='lat' dir='ltr'>lieris</span> <span class='ocrx_word' id='word_1_321' title='bbox 1208 832 1443 880; x_wconf 87' lang='lat' dir='ltr'>patrocinium</span> <span class='ocrx_word' id='word_1_322' title='bbox 1492 844 1593 881; x_wconf 86' lang='lat' dir='ltr'>atque</span> <span class='ocrx_word' id='word_1_323' title='bbox 1639 833 1814 873; x_wconf 70' lang='lat' dir='ltr'>defenfi02</span> 
     </span>
     <span class='ocr_line' id='line_1_60' title="bbox 1060 883 1813 922; baseline 0.004 -7"><span class='ocrx_word' id='word_1_324' title='bbox 1060 883 1285 917; x_wconf 78' lang='lat' dir='ltr'>Mundualdus</span> <span class='ocrx_word' id='word_1_325' title='bbox 1313 884 1431 919; x_wconf 85' lang='lat' dir='ltr'>vocari</span> <span class='ocrx_word' id='word_1_326' title='bbox 1472 885 1667 922; x_wconf 84' lang='lat' dir='ltr'>consuevit.</span> <span class='ocrx_word' id='word_1_327' title='bbox 1709 888 1813 920; x_wconf 71' lang='lat' dir='ltr'><em>Mun-</em></span> 
     </span>
     <span class='ocr_line' id='line_1_61' title="bbox 1059 933 1814 984; baseline 0.005 -18"><span class='ocrx_word' id='word_1_328' title='bbox 1059 933 1174 967; x_wconf 67' lang='lat' dir='ltr'>arualdi</span> <span class='ocrx_word' id='word_1_329' title='bbox 1210 946 1227 968; x_wconf 89' lang='lat' dir='ltr'>a</span> <span class='ocrx_word' id='word_1_330' title='bbox 1265 942 1386 969; x_wconf 88' lang='lat' dir='ltr'>natura</span> <span class='ocrx_word' id='word_1_331' title='bbox 1422 943 1539 977; x_wconf 77' lang='lat' dir='ltr'>erant.</span> <span class='ocrx_word' id='word_1_332' title='bbox 1581 936 1672 984; x_wconf 88' lang='lat' dir='ltr'>quod</span> <span class='ocrx_word' id='word_1_333' title='bbox 1699 936 1744 971; x_wconf 81' lang='lat' dir='ltr'>est</span> <span class='ocrx_word' id='word_1_334' title='bbox 1772 935 1814 970; x_wconf 89' lang='lat' dir='ltr'>ad</span> 
     </span>
     <span class='ocr_line' id='line_1_62' title="bbox 1060 983 1812 1033; baseline 0.001 -15"><span class='ocrx_word' id='word_1_335' title='bbox 1060 983 1172 1025; x_wconf 82' lang='lat' dir='ltr'>filias,</span> <span class='ocrx_word' id='word_1_336' title='bbox 1203 985 1323 1019; x_wconf 82' lang='lat' dir='ltr'>Pater:</span> <span class='ocrx_word' id='word_1_337' title='bbox 1354 997 1396 1019; x_wconf 92' lang='lat' dir='ltr'>eo</span> <span class='ocrx_word' id='word_1_338' title='bbox 1424 984 1624 1026; x_wconf 86' lang='lat' dir='ltr'>deficiente,</span> <span class='ocrx_word' id='word_1_339' title='bbox 1653 989 1812 1033; x_wconf 77' lang='lat' dir='ltr'>fratres;</span> 
     </span>
     <span class='ocr_line' id='line_1_63' title="bbox 1061 1033 1814 1085; baseline 0.005 -17"><span class='ocrx_word' id='word_1_340' title='bbox 1061 1047 1099 1068; x_wconf 88' lang='lat' dir='ltr'>ac</span> <span class='ocrx_word' id='word_1_341' title='bbox 1126 1033 1270 1069; x_wconf 85' lang='lat' dir='ltr'>subinde</span> <span class='ocrx_word' id='word_1_342' title='bbox 1290 1034 1447 1082; x_wconf 84' lang='lat' dir='ltr'>Agnati.</span> <span class='ocrx_word' id='word_1_343' title='bbox 1475 1035 1558 1070; x_wconf 85' lang='lat' dir='ltr'>Filii</span> <span class='ocrx_word' id='word_1_344' title='bbox 1584 1050 1719 1085; x_wconf 88' lang='lat' dir='ltr'>quoque</span> <span class='ocrx_word' id='word_1_345' title='bbox 1741 1050 1814 1071; x_wconf 66' lang='lat' dir='ltr'>rno-</span> 
     </span>
     <span class='ocr_line' id='line_1_64' title="bbox 1060 1083 1813 1123; baseline 0.003 -4"><span class='ocrx_word' id='word_1_346' title='bbox 1060 1083 1146 1120; x_wconf 84' lang='lat' dir='ltr'>sculi</span> <span class='ocrx_word' id='word_1_347' title='bbox 1177 1086 1378 1120; x_wconf 82' lang='lat' dir='ltr'>Mzmdualdi</span> <span class='ocrx_word' id='word_1_348' title='bbox 1404 1085 1579 1121; x_wconf 78' lang='lat' dir='ltr'>interdum</span> <span class='ocrx_word' id='word_1_349' title='bbox 1606 1086 1697 1123; x_wconf 86' lang='lat' dir='ltr'>fuere</span> <span class='ocrx_word' id='word_1_350' title='bbox 1731 1086 1813 1121; x_wconf 82' lang='lat' dir='ltr'>Ma·</span> 
     </span>
     <span class='ocr_line' id='line_1_65' title="bbox 1060 1135 1815 1184; baseline 0.004 -15"><span class='ocrx_word' id='word_1_351' title='bbox 1060 1135 1144 1170; x_wconf 87' lang='lat' dir='ltr'>tris.</span> <span class='ocrx_word' id='word_1_352' title='bbox 1189 1135 1356 1171; x_wconf 87' lang='lat' dir='ltr'>Mulieris</span> <span class='ocrx_word' id='word_1_353' title='bbox 1402 1146 1531 1184; x_wconf 83' lang='lat' dir='ltr'>nuptae</span> <span class='ocrx_word' id='word_1_354' title='bbox 1577 1136 1642 1172; x_wconf 83' lang='lat' dir='ltr'>fere</span> <span class='ocrx_word' id='word_1_355' title='bbox 1684 1144 1815 1181; x_wconf 79' lang='lat' dir='ltr'>lemper</span> 
     </span>
     <span class='ocr_line' id='line_1_66' title="bbox 1059 1184 1815 1231; baseline 0.008 -13"><span class='ocrx_word' id='word_1_356' title='bbox 1059 1184 1239 1220; x_wconf 87' lang='lat' dir='ltr'>Maritus.</span> <span class='ocrx_word' id='word_1_357' title='bbox 1279 1186 1384 1231; x_wconf 87' lang='lat' dir='ltr'>Quod</span> <span class='ocrx_word' id='word_1_358' title='bbox 1412 1185 1434 1220; x_wconf 85' lang='lat' dir='ltr'><strong>fi</strong></span> <span class='ocrx_word' id='word_1_359' title='bbox 1463 1199 1568 1222; x_wconf 88' lang='lat' dir='ltr'>nemo</span> <span class='ocrx_word' id='word_1_360' title='bbox 1595 1187 1680 1223; x_wconf 84' lang='lat' dir='ltr'>alius</span> <span class='ocrx_word' id='word_1_361' title='bbox 1707 1188 1815 1227; x_wconf 69' lang='lat' dir='ltr'>esset,</span> 
     </span>
     <span class='ocr_line' id='line_1_67' title="bbox 1060 1234 1815 1286; baseline 0.005 -17"><span class='ocrx_word' id='word_1_362' title='bbox 1060 1234 1102 1269; x_wconf 90' lang='lat' dir='ltr'>ad</span> <span class='ocrx_word' id='word_1_363' title='bbox 1130 1247 1232 1282; x_wconf 85' lang='lat' dir='ltr'>quem</span> <span class='ocrx_word' id='word_1_364' title='bbox 1263 1236 1499 1283; x_wconf 83' lang='lat' dir='ltr'>patrocinium</span> <span class='ocrx_word' id='word_1_365' title='bbox 1528 1237 1676 1273; x_wconf 79' lang='lat' dir='ltr'>feminae</span> <span class='ocrx_word' id='word_1_366' title='bbox 1709 1239 1815 1286; x_wconf 85' lang='lat' dir='ltr'>perti-</span> 
     </span>
     <span class='ocr_line' id='line_1_68' title="bbox 1061 1286 1816 1333; baseline 0.008 -15"><span class='ocrx_word' id='word_1_367' title='bbox 1061 1295 1179 1324; x_wconf 89' lang='lat' dir='ltr'>neret,</span> <span class='ocrx_word' id='word_1_368' title='bbox 1206 1286 1314 1319; x_wconf 73' lang='lat' dir='ltr'>Curtis</span> <span class='ocrx_word' id='word_1_369' title='bbox 1342 1288 1468 1333; x_wconf 81' lang='lat' dir='ltr'>Regia,</span> <span class='ocrx_word' id='word_1_370' title='bbox 1505 1287 1572 1324; x_wconf 89' lang='lat' dir='ltr'>hoc</span> <span class='ocrx_word' id='word_1_371' title='bbox 1599 1289 1643 1324; x_wconf 88' lang='lat' dir='ltr'>est</span> <span class='ocrx_word' id='word_1_372' title='bbox 1671 1289 1788 1325; x_wconf 80' lang='lat' dir='ltr'>Fiscus</span> <span class='ocrx_word' id='word_1_373' title='bbox 1807 1316 1816 1331; x_wconf 78' lang='lat'>,</span> 
     </span>
     <span class='ocr_line' id='line_1_69' title="bbox 1060 1333 1818 1377; baseline 0.008 -9"><span class='ocrx_word' id='word_1_374' title='bbox 1060 1333 1130 1369; x_wconf 84' lang='lat' dir='ltr'>five</span> <span class='ocrx_word' id='word_1_375' title='bbox 1158 1337 1254 1377; x_wconf 88' lang='lat' dir='ltr'>Rex,</span> <span class='ocrx_word' id='word_1_376' title='bbox 1297 1335 1332 1371; x_wconf 84' lang='lat' dir='ltr'>id</span> <span class='ocrx_word' id='word_1_377' title='bbox 1369 1351 1469 1373; x_wconf 87' lang='lat' dir='ltr'>curae</span> <span class='ocrx_word' id='word_1_378' title='bbox 1506 1352 1544 1375; x_wconf 92' lang='lat' dir='ltr'>ac</span> <span class='ocrx_word' id='word_1_379' title='bbox 1571 1340 1686 1375; x_wconf 86' lang='lat' dir='ltr'>oneris</span> <span class='ocrx_word' id='word_1_380' title='bbox 1714 1339 1818 1375; x_wconf 72' lang='lat' dir='ltr'>suici-</span> 
     </span>
     <span class='ocr_line' id='line_1_70' title="bbox 1062 1384 1815 1438; baseline 0.007 -20"><span class='ocrx_word' id='word_1_381' title='bbox 1062 1384 1198 1429; x_wconf 87' lang='lat' dir='ltr'>piebat.</span> <span class='ocrx_word' id='word_1_382' title='bbox 1248 1388 1300 1420; x_wconf 86' lang='lat' dir='ltr'>En</span> <span class='ocrx_word' id='word_1_383' title='bbox 1342 1388 1508 1425; x_wconf 84' lang='lat' dir='ltr'>Rotharis</span> <span class='ocrx_word' id='word_1_384' title='bbox 1556 1393 1686 1438; x_wconf 86' lang='lat' dir='ltr'>Legem</span> <span class='ocrx_word' id='word_1_385' title='bbox 1733 1400 1815 1433; x_wconf 77' lang='lat'>205.</span> 
     </span>
     <span class='ocr_line' id='line_1_71' title="bbox 1061 1436 1817 1485; baseline 0.003 -15"><span class='ocrx_word' id='word_1_386' title='bbox 1061 1436 1157 1470; x_wconf 69' lang='lat' dir='ltr'>Nulli</span> <span class='ocrx_word' id='word_1_387' title='bbox 1184 1437 1321 1470; x_wconf 71' lang='lat' dir='ltr'>Mulieri</span> <span class='ocrx_word' id='word_1_388' title='bbox 1347 1440 1479 1474; x_wconf 80' lang='lat' dir='ltr'>Liberae</span> <span class='ocrx_word' id='word_1_389' title='bbox 1500 1440 1560 1484; x_wconf 72' lang='lat' dir='ltr'>sul²</span> <span class='ocrx_word' id='word_1_390' title='bbox 1589 1440 1696 1485; x_wconf 71' lang='lat' dir='ltr'>Regni</span> <span class='ocrx_word' id='word_1_391' title='bbox 1724 1439 1817 1480; x_wconf 80' lang='lat' dir='ltr'>nostri</span> 
     </span>
     <span class='ocr_line' id='line_1_72' title="bbox 1059 1485 1814 1537; baseline 0.007 -20"><span class='ocrx_word' id='word_1_392' title='bbox 1059 1485 1203 1523; x_wconf 75' lang='lat' dir='ltr'>ditione,</span> <span class='ocrx_word' id='word_1_393' title='bbox 1247 1490 1331 1532; x_wconf 79' lang='lat' dir='ltr'>Lege</span> <span class='ocrx_word' id='word_1_394' title='bbox 1366 1491 1639 1534; x_wconf 79' lang='lat' dir='ltr'>Langobardorum</span> <span class='ocrx_word' id='word_1_395' title='bbox 1666 1489 1814 1537; x_wconf 34' lang='lat' dir='ltr'>viventi?-</span> 
     </span>
     <span class='ocr_line' id='line_1_73' title="bbox 1059 1534 1817 1582; baseline 0.007 -15"><span class='ocrx_word' id='word_1_396' title='bbox 1059 1534 1151 1568; x_wconf 78' lang='lat' dir='ltr'>liceat</span> <span class='ocrx_word' id='word_1_397' title='bbox 1178 1535 1210 1567; x_wconf 80' lang='lat' dir='ltr'>in</span> <span class='ocrx_word' id='word_1_398' title='bbox 1245 1536 1322 1579; x_wconf 79' lang='lat' dir='ltr'>suae</span> <span class='ocrx_word' id='word_1_399' title='bbox 1354 1538 1514 1580; x_wconf 79' lang='lat' dir='ltr'>potestatis</span> <span class='ocrx_word' id='word_1_400' title='bbox 1542 1539 1701 1579; x_wconf 73' lang='lat' dir='ltr'>arbitrio,</span> <span class='ocrx_word' id='word_1_401' title='bbox 1740 1539 1817 1582; x_wconf 75' lang='lat' dir='ltr'>idest</span> 
     </span>
     <span class='ocr_line' id='line_1_74' title="bbox 1051 1584 1818 1637; baseline 0.01 -21"><span class='ocrx_word' id='word_1_402' title='bbox 1051 1584 1122 1625; x_wconf 84' lang='lat' dir='ltr'>fine</span> <span class='ocrx_word' id='word_1_403' title='bbox 1149 1584 1309 1627; x_wconf 70' lang='lat' dir='ltr'>Maudio,</span> <span class='ocrx_word' id='word_1_404' title='bbox 1336 1587 1467 1627; x_wconf 70' lang='lat' dir='ltr'>vivere,</span> <span class='ocrx_word' id='word_1_405' title='bbox 1504 1589 1565 1629; x_wconf 82' lang='lat' dir='ltr'>nist</span> <span class='ocrx_word' id='word_1_406' title='bbox 1610 1589 1722 1637; x_wconf 74' lang='lat' dir='ltr'>[emper</span> <span class='ocrx_word' id='word_1_407' title='bbox 1757 1591 1818 1634; x_wconf 73' lang='lat' dir='ltr'>sub</span> 
     </span>
     <span class='ocr_line' id='line_1_75' title="bbox 1058 1634 1818 1687; baseline 0.011 -20"><span class='ocrx_word' id='word_1_408' title='bbox 1058 1634 1204 1681; x_wconf 79' lang='lat' dir='ltr'>potestate</span> <span class='ocrx_word' id='word_1_409' title='bbox 1228 1636 1388 1676; x_wconf 84' lang='lat' dir='ltr'>virorum,</span> <span class='ocrx_word' id='word_1_410' title='bbox 1415 1648 1472 1671; x_wconf 75' lang='lat' dir='ltr'>aut</span> <span class='ocrx_word' id='word_1_411' title='bbox 1498 1650 1574 1673; x_wconf 75' lang='lat' dir='ltr'>certe</span> <span class='ocrx_word' id='word_1_412' title='bbox 1600 1641 1700 1686; x_wconf 84' lang='lat' dir='ltr'>Regis</span> <span class='ocrx_word' id='word_1_413' title='bbox 1729 1640 1818 1687; x_wconf 80' lang='lat' dir='ltr'>(alii</span> 
     </span>
     <span class='ocr_line' id='line_1_76' title="bbox 1060 1685 1820 1732; baseline 0.004 -11"><span class='ocrx_word' id='word_1_414' title='bbox 1060 1685 1208 1721; x_wconf 86' lang='lat' dir='ltr'>Codices</span> <span class='ocrx_word' id='word_1_415' title='bbox 1246 1685 1401 1730; x_wconf 80' lang='lat' dir='ltr'>habent,</span> <span class='ocrx_word' id='word_1_416' title='bbox 1443 1699 1499 1721; x_wconf 78' lang='lat' dir='ltr'>aut</span> <span class='ocrx_word' id='word_1_417' title='bbox 1536 1690 1684 1732; x_wconf 75' lang='lat' dir='ltr'>potestate</span> <span class='ocrx_word' id='word_1_418' title='bbox 1710 1692 1820 1725; x_wconf 82' lang='lat' dir='ltr'>Curtis</span> 
     </span>
     <span class='ocr_line' id='line_1_77' title="bbox 1061 1736 1820 1787; baseline 0.004 -16"><span class='ocrx_word' id='word_1_419' title='bbox 1061 1736 1193 1783; x_wconf 81' lang='lat' dir='ltr'>Regis)</span> <span class='ocrx_word' id='word_1_420' title='bbox 1221 1738 1331 1770; x_wconf 76' lang='lat' dir='ltr'>debeat</span> <span class='ocrx_word' id='word_1_421' title='bbox 1355 1748 1552 1781; x_wconf 79' lang='lat' dir='ltr'>permanere.</span> <span class='ocrx_word' id='word_1_422' title='bbox 1593 1743 1659 1774; x_wconf 72' lang='lat' dir='ltr'>Nec</span> <span class='ocrx_word' id='word_1_423' title='bbox 1693 1742 1820 1787; x_wconf 65' lang='lat' dir='ltr'>aliquid</span> 
     </span>
     <span class='ocr_line' id='line_1_78' title="bbox 1061 1787 1820 1832; baseline 0.007 -12"><span class='ocrx_word' id='word_1_424' title='bbox 1061 1787 1098 1820; x_wconf 86' lang='lat' dir='ltr'>de</span> <span class='ocrx_word' id='word_1_425' title='bbox 1123 1788 1212 1820; x_wconf 82' lang='lat' dir='ltr'>rebus</span> <span class='ocrx_word' id='word_1_426' title='bbox 1239 1788 1408 1822; x_wconf 81' lang='lat' dir='ltr'>mobilibus</span> <span class='ocrx_word' id='word_1_427' title='bbox 1434 1800 1490 1823; x_wconf 78' lang='lat' dir='ltr'>am</span> <span class='ocrx_word' id='word_1_428' title='bbox 1521 1790 1730 1825; x_wconf 81' lang='lat' dir='ltr'>immobilibus</span> <span class='ocrx_word' id='word_1_429' title='bbox 1752 1791 1820 1832; x_wconf 80' lang='lat' dir='ltr'>fine</span> 
     </span>
     <span class='ocr_line' id='line_1_79' title="bbox 1062 1836 1820 1884; baseline 0.005 -13"><span class='ocrx_word' id='word_1_430' title='bbox 1062 1837 1226 1871; x_wconf 71' lang='lat' dir='ltr'>voluntate</span> <span class='ocrx_word' id='word_1_431' title='bbox 1252 1836 1374 1880; x_wconf 69' lang='lat' dir='ltr'>ipsius,</span> <span class='ocrx_word' id='word_1_432' title='bbox 1411 1839 1444 1872; x_wconf 84' lang='lat' dir='ltr'>in</span> <span class='ocrx_word' id='word_1_433' title='bbox 1471 1839 1560 1883; x_wconf 81' lang='lat' dir='ltr'>cujus</span> <span class='ocrx_word' id='word_1_434' title='bbox 1588 1842 1728 1875; x_wconf 79' lang='lat' dir='ltr'>Mundio</span> <span class='ocrx_word' id='word_1_435' title='bbox 1749 1842 1820 1884; x_wconf 73' lang='lat' dir='ltr'>fue—</span> 
     </span>
     <span class='ocr_line' id='line_1_80' title="bbox 1063 1887 1820 1931; baseline 0.007 -10"><span class='ocrx_word' id='word_1_436' title='bbox 1063 1888 1126 1930; x_wconf 76' lang='lat' dir='ltr'>rit,</span> <span class='ocrx_word' id='word_1_437' title='bbox 1153 1887 1270 1922; x_wconf 73' lang='lat' dir='ltr'>habeat</span> <span class='ocrx_word' id='word_1_438' title='bbox 1294 1888 1472 1931; x_wconf 80' lang='lat' dir='ltr'>potestatem</span> <span class='ocrx_word' id='word_1_439' title='bbox 1497 1892 1640 1924; x_wconf 85' lang='lat' dir='ltr'>donandi</span> <span class='ocrx_word' id='word_1_440' title='bbox 1664 1901 1720 1925; x_wconf 79' lang='lat' dir='ltr'>aut</span> <span class='ocrx_word' id='word_1_441' title='bbox 1739 1892 1820 1926; x_wconf 77' lang='lat' dir='ltr'>alie-</span> 
     </span>
     <span class='ocr_line' id='line_1_81' title="bbox 1065 1938 1821 1989; baseline 0.007 -17"><span class='ocrx_word' id='word_1_442' title='bbox 1065 1938 1183 1972; x_wconf 79' lang='lat' dir='ltr'>nandi.</span> <span class='ocrx_word' id='word_1_443' title='bbox 1219 1939 1505 1986; x_wconf 81' lang='lat' dir='ltr'>Langobardicae</span> <span class='ocrx_word' id='word_1_444' title='bbox 1548 1941 1648 1989; x_wconf 83' lang='lat' dir='ltr'>hujus</span> <span class='ocrx_word' id='word_1_445' title='bbox 1677 1941 1821 1977; x_wconf 90' lang='lat' dir='ltr'>consue—</span> 
     </span>
     <span class='ocr_line' id='line_1_82' title="bbox 1066 1988 1821 2039; baseline 0.007 -17"><span class='ocrx_word' id='word_1_446' title='bbox 1066 1988 1197 2023; x_wconf 83' lang='lat' dir='ltr'>tudinis</span> <span class='ocrx_word' id='word_1_447' title='bbox 1238 1988 1348 2024; x_wconf 86' lang='lat' dir='ltr'>adhuc</span> <span class='ocrx_word' id='word_1_448' title='bbox 1390 1990 1531 2038; x_wconf 82' lang='lat' dir='ltr'>vestigia</span> <span class='ocrx_word' id='word_1_449' title='bbox 1579 1991 1756 2039; x_wconf 85' lang='lat' dir='ltr'>supersunt</span> <span class='ocrx_word' id='word_1_450' title='bbox 1783 1993 1821 2028; x_wconf 91' lang='lat' dir='ltr'>in</span> 
     </span>
     <span class='ocr_line' id='line_1_83' title="bbox 1066 2038 1821 2087; baseline 0.005 -13"><span class='ocrx_word' id='word_1_451' title='bbox 1066 2038 1213 2074; x_wconf 83' lang='lat' dir='ltr'>Statutis</span> <span class='ocrx_word' id='word_1_452' title='bbox 1249 2038 1387 2087; x_wconf 86' lang='lat' dir='ltr'>aliquot</span> <span class='ocrx_word' id='word_1_453' title='bbox 1415 2039 1570 2076; x_wconf 83' lang='lat' dir='ltr'>Urbium</span> <span class='ocrx_word' id='word_1_454' title='bbox 1601 2041 1747 2082; x_wconf 87' lang='lat' dir='ltr'>Italiae,</span> <span class='ocrx_word' id='word_1_455' title='bbox 1783 2057 1821 2078; x_wconf 87' lang='lat' dir='ltr'>ac</span> 
     </span>
     <span class='ocr_line' id='line_1_84' title="bbox 1067 2089 1821 2139; baseline 0.005 -15"><span class='ocrx_word' id='word_1_456' title='bbox 1067 2089 1246 2138; x_wconf 82' lang='lat' dir='ltr'>praecipue</span> <span class='ocrx_word' id='word_1_457' title='bbox 1274 2089 1309 2124; x_wconf 85' lang='lat' dir='ltr'>in</span> <span class='ocrx_word' id='word_1_458' title='bbox 1333 2092 1453 2139; x_wconf 81' lang='lat' dir='ltr'>Regno</span> <span class='ocrx_word' id='word_1_459' title='bbox 1476 2092 1734 2137; x_wconf 80' lang='lat' dir='ltr'>Neapolitano,</span> <span class='ocrx_word' id='word_1_460' title='bbox 1761 2093 1821 2128; x_wconf 85' lang='lat' dir='ltr'>ubi</span> 
     </span>
     <span class='ocr_line' id='line_1_85' title="bbox 1066 2139 1820 2187; baseline 0.004 -13"><span class='ocrx_word' id='word_1_461' title='bbox 1066 2139 1196 2175; x_wconf 87' lang='lat' dir='ltr'>diutius</span> <span class='ocrx_word' id='word_1_462' title='bbox 1224 2153 1264 2175; x_wconf 85' lang='lat' dir='ltr'>ac</span> <span class='ocrx_word' id='word_1_463' title='bbox 1292 2141 1446 2176; x_wconf 86' lang='lat' dir='ltr'>tenacius</span> <span class='ocrx_word' id='word_1_464' title='bbox 1484 2143 1587 2187; x_wconf 66' lang='lat' dir='ltr'>quam</span> <span class='ocrx_word' id='word_1_465' title='bbox 1630 2143 1713 2177; x_wconf 81' lang='lat' dir='ltr'>alibi</span> <span class='ocrx_word' id='word_1_466' title='bbox 1743 2145 1820 2178; x_wconf 68' lang='lat' dir='ltr'>Lex</span> 
     </span>
     <span class='ocr_line' id='line_1_86' title="bbox 1067 2190 1821 2237; baseline 0 -10"><span class='ocrx_word' id='word_1_467' title='bbox 1067 2190 1375 2237; x_wconf 80' lang='lat' dir='ltr'>Langobardorum</span> <span class='ocrx_word' id='word_1_468' title='bbox 1403 2192 1582 2228; x_wconf 78' lang='lat' dir='ltr'>observata</span> <span class='ocrx_word' id='word_1_469' title='bbox 1604 2193 1665 2228; x_wconf 89' lang='lat' dir='ltr'>est.</span> <span class='ocrx_word' id='word_1_470' title='bbox 1693 2193 1821 2235; x_wconf 71' lang='lat' dir='ltr'>Jo&#39;nan-</span> 
     </span>
     <span class='ocr_line' id='line_1_87' title="bbox 1066 2240 1825 2291; baseline 0.004 -14"><span class='ocrx_word' id='word_1_471' title='bbox 1066 2254 1123 2277; x_wconf 85' lang='lat' dir='ltr'>nes</span> <span class='ocrx_word' id='word_1_472' title='bbox 1153 2240 1330 2277; x_wconf 86' lang='lat' dir='ltr'>Villanius</span> <span class='ocrx_word' id='word_1_473' title='bbox 1359 2242 1439 2278; x_wconf 88' lang='lat' dir='ltr'>Lib.</span> <span class='ocrx_word' id='word_1_474' title='bbox 1465 2256 1495 2278; x_wconf 81' lang='lat' dir='ltr'>z.</span> <span class='ocrx_word' id='word_1_475' title='bbox 1517 2241 1605 2291; x_wconf 76' lang='lat' dir='ltr'>Cap,</span> <span class='ocrx_word' id='word_1_476' title='bbox 1626 2256 1661 2290; x_wconf 81' lang='lat'>9.</span> <span class='ocrx_word' id='word_1_477' title='bbox 1690 2243 1825 2279; x_wconf 54' lang='lat' dir='ltr'>Htffor,</span> 
     </span>
     <span class='ocr_line' id='line_1_88' title="bbox 1066 2290 1822 2329; baseline 0.003 -3"><span class='ocrx_word' id='word_1_478' title='bbox 1066 2301 1104 2327; x_wconf 90' lang='lat' dir='ltr'>ut</span> <span class='ocrx_word' id='word_1_479' title='bbox 1124 2305 1166 2327; x_wconf 83' lang='lat' dir='ltr'>ex</span> <span class='ocrx_word' id='word_1_480' title='bbox 1186 2290 1435 2328; x_wconf 84' lang='lat' dir='ltr'>additamentis</span> <span class='ocrx_word' id='word_1_481' title='bbox 1451 2307 1469 2328; x_wconf 88' lang='lat' dir='ltr'>a</span> <span class='ocrx_word' id='word_1_482' title='bbox 1492 2306 1545 2328; x_wconf 88' lang='lat' dir='ltr'>me</span> <span class='ocrx_word' id='word_1_483' title='bbox 1567 2294 1670 2328; x_wconf 86' lang='lat' dir='ltr'>editis</span> <span class='ocrx_word' id='word_1_484' title='bbox 1692 2294 1822 2329; x_wconf 76' lang='lat' dir='ltr'>constat</span> 
     </span>
     <span class='ocr_line' id='line_1_89' title="bbox 1066 2343 1823 2379; baseline 0 0"><span class='ocrx_word' id='word_1_485' title='bbox 1066 2345 1185 2379; x_wconf 89' lang='lat' dir='ltr'>Tomo</span> <span class='ocrx_word' id='word_1_486' title='bbox 1214 2344 1312 2377; x_wconf 79' lang='lat' dir='ltr'>xm.</span> <span class='ocrx_word' id='word_1_487' title='bbox 1339 2345 1418 2378; x_wconf 84' lang='lat' dir='ltr'>Rer.</span> <span class='ocrx_word' id='word_1_488' title='bbox 1449 2343 1602 2379; x_wconf 84' lang='lat' dir='ltr'>Italicar.</span> <span class='ocrx_word' id='word_1_489' title='bbox 1645 2344 1728 2379; x_wconf 80' lang='lat' dir='ltr'>haec</span> <span class='ocrx_word' id='word_1_490' title='bbox 1763 2344 1823 2379; x_wconf 84' lang='lat' dir='ltr'>ha-</span> 
     </span>
     <span class='ocr_line' id='line_1_90' title="bbox 1068 2394 1826 2441; baseline 0.001 -12"><span class='ocrx_word' id='word_1_491' title='bbox 1068 2395 1148 2429; x_wconf 88' lang='lat' dir='ltr'>bet:</span> <span class='ocrx_word' id='word_1_492' title='bbox 1194 2395 1227 2426; x_wconf 87' lang='lat' dir='ltr'><em>E</em></span> <span class='ocrx_word' id='word_1_493' title='bbox 1263 2394 1382 2436; x_wconf 66' lang='lat' dir='ltr'>feriano</span> <span class='ocrx_word' id='word_1_494' title='bbox 1408 2394 1441 2428; x_wconf 87' lang='lat' dir='ltr'>la</span> <span class='ocrx_word' id='word_1_495' title='bbox 1466 2397 1572 2441; x_wconf 78' lang='lat' dir='ltr'>Legge</span> <span class='ocrx_word' id='word_1_496' title='bbox 1588 2421 1598 2438; x_wconf 88' lang='lat'>‚</span> <span class='ocrx_word' id='word_1_497' title='bbox 1639 2395 1688 2430; x_wconf 83' lang='lat' dir='ltr'>ebe</span> <span class='ocrx_word' id='word_1_498' title='bbox 1713 2408 1826 2430; x_wconf 63' lang='lat' dir='ltr'>ancora</span> 
     </span>
     <span class='ocr_line' id='line_1_91' title="bbox 1059 2443 1824 2491; baseline -0.001 -11"><span class='ocrx_word' id='word_1_499' title='bbox 1059 2444 1092 2486; x_wconf 82' lang='lat' dir='ltr'><strong><em>fi</em></strong></span> <span class='ocrx_word' id='word_1_500' title='bbox 1117 2443 1236 2480; x_wconf 80' lang='lat' dir='ltr'>chiama</span> <span class='ocrx_word' id='word_1_501' title='bbox 1263 2445 1471 2490; x_wconf 72' lang='lat' dir='ltr'>Langobarda</span> <span class='ocrx_word' id='word_1_502' title='bbox 1481 2458 1501 2487; x_wconf 84' lang='lat'>,·</span> <span class='ocrx_word' id='word_1_503' title='bbox 1540 2458 1557 2479; x_wconf 77' lang='lat' dir='ltr'>e</span> <span class='ocrx_word' id='word_1_504' title='bbox 1580 2455 1709 2491; x_wconf 80' lang='lat' dir='ltr'>tengono</span> <span class='ocrx_word' id='word_1_505' title='bbox 1734 2459 1824 2480; x_wconf 76' lang='lat' dir='ltr'>anco-—</span> 
     </span>
     <span class='ocr_line' id='line_1_92' title="bbox 1066 2493 1824 2542; baseline 0 -13"><span class='ocrx_word' id='word_1_506' title='bbox 1066 2508 1103 2531; x_wconf 82' lang='lat' dir='ltr'>ra</span> <span class='ocrx_word' id='word_1_507' title='bbox 1141 2493 1349 2540; x_wconf 83' lang='lat' dir='ltr'>e&#39;Pugliesi‚</span> <span class='ocrx_word' id='word_1_508' title='bbox 1385 2509 1402 2529; x_wconf 84' lang='lat' dir='ltr'>e</span> <span class='ocrx_word' id='word_1_509' title='bbox 1433 2495 1485 2542; x_wconf 83' lang='lat' dir='ltr'>gli</span> <span class='ocrx_word' id='word_1_510' title='bbox 1524 2495 1601 2529; x_wconf 81' lang='lat' dir='ltr'>altri</span> <span class='ocrx_word' id='word_1_511' title='bbox 1627 2496 1762 2532; x_wconf 75' lang='lat' dir='ltr'>Italiam</span> <span class='ocrx_word' id='word_1_512' title='bbox 1790 2496 1824 2530; x_wconf 76' lang='lat' dir='ltr'>in</span> 
     </span>
     <span class='ocr_line' id='line_1_93' title="bbox 1069 2546 1824 2594; baseline 0 -13"><span class='ocrx_word' id='word_1_513' title='bbox 1069 2547 1173 2594; x_wconf 71' lang='lat' dir='ltr'>quella</span> <span class='ocrx_word' id='word_1_514' title='bbox 1202 2555 1316 2592; x_wconf 78' lang='lat' dir='ltr'>parte,</span> <span class='ocrx_word' id='word_1_515' title='bbox 1357 2546 1438 2581; x_wconf 81' lang='lat' dir='ltr'>dove</span> <span class='ocrx_word' id='word_1_516' title='bbox 1470 2546 1576 2583; x_wconf 77' lang='lat' dir='ltr'>danne</span> <span class='ocrx_word' id='word_1_517' title='bbox 1619 2548 1824 2586; x_wconf 72' lang='lat' dir='ltr'>Manualdo,</span> 
     </span>
     <span class='ocr_line' id='line_1_94' title="bbox 1326 2609 1775 2632; baseline 0.004 -3"><span class='ocrx_word' id='word_1_518' title='bbox 1326 2612 1330 2615; x_wconf 32' lang='lat' dir='ltr'><em>st</em></span> <span class='ocrx_word' id='word_1_519' title='bbox 1703 2609 1775 2632; x_wconf 74' lang='lat' dir='ltr'>ove-</span> 
     </span>
    </p>
   </div>
  </div>
 </body>
</html>
