2279 3006
512 151 537 188 7
814 123 1217 181 ANTIQUIT.
1262 115 1500 163 MEDII
1539 114 1720 158 AEVI
1987 116 2014 157 8

459 193 530 240 beji
550 199 687 227 tantum
709 187 878 238 ejusmodi
900 186 1034 222 tributo
1050 183 1138 218 olim
1154 183 1216 218 ob—
1251 183 1282 217 A
1318 175 1511 212 suetudinis
1539 176 1699 222 exempla
1725 172 1897 210 habentur
1916 164 2074 216 complu-

462 243 584 279 noxii.
608 242 676 278 Sed
700 243 733 277 δε
761 239 908 276 Nobiles
935 237 977 271 ab
1000 234 1046 270 iis
1070 233 1217 269 minime

465 293 661 332 immunes,
696 288 915 340 Apollinaris
939 285 1104 321 Sidonius
1127 297 1218 320 aevo

465 344 526 381 suo
551 342 726 380 ostendere
753 340 910 376 videtur.
946 338 1006 372 An
1042 345 1157 371 autem
1185 336 1217 370 8<

467 395 600 432 Seculis
630 391 871 439 posterioribus
900 386 1023 427 Italia,
1056 385 1117 421 sub
1138 387 1221 421 Bar-

467 446 559 483 baris
587 444 694 494 posita
711 471 721 486 ,
757 438 910 476 obnoxia
936 437 1049 473 eidem
1086 436 1221 471 tributo

464 497 597 541 fuerit,
621 493 715 531 mihi
741 492 820 527 sane
841 489 904 525 sub
931 487 1054 523 nubilo
1076 500 1128 522 res
1151 485 1219 521 est:

469 547 563 584 nihil
590 546 684 582 enim
711 543 835 577 horum
864 539 993 574 habent
1020 537 1223 586 Langobar—

469 598 567 634 dicae
584 599 719 644 Lege8‚
739 590 782 628 &
798 589 907 626 nimis
929 602 1035 638 pauca
1049 589 1126 636 *ejus
1147 586 1224 622 aevi

444 654 700 685 *monumenta
726 641 767 678 ad
790 640 855 676 nos
881 652 1067 688 pervenere
1083 666 1092 674 .
1121 639 1226 673 Certe

473 697 601 734 Graeci
629 707 698 731 non
725 692 953 741 ignorarunt.
980 692 1146 736 Namque
1173 690 1224 723 A-

475 747 631 785 nastafius
656 745 697 780 in
724 742 808 778 Vita
837 740 1014 777 Vitaliani
1046 741 1159 787 Papae
1185 738 1227 772 de

474 796 705 838 Constantino
722 820 732 838 ‚
767 792 823 828 seu
859 790 1048 827 Constante
1072 788 1228 837 Augusto

476 851 518 888 ad
543 851 688 885 Annum
714 843 953 879 DCLXVIII.
979 841 1065 876 haec
1101 839 1225 874 habet:

476 899 652 937 Habitavt’t
685 896 719 930 in
753 894 899 928 Civitate
933 890 1152 938 Syracusana,
1187 890 1231 922 Θ·

477 953 572 988 talem
596 945 802 993 affliblionem
825 942 930 988 posuit
956 942 990 976 in
1012 941 1154 984 Populo,
1178 939 1232 983 seu

479 998 706 1038 habitatoribus
730 994 925 1036 Calabriae,
950 992 1106 1035 Siciliae,
1133 989 1232 1034 Afri-

480 1067 556 1091 cae,
580 1045 774 1089 Sardiniae,
799 1055 854 1091 per
879 1042 1080 1089 diagrapha,
1102 1041 1156 1085 seu
1182 1054 1233 1075 ca-

478 1104 571 1150 pita,
597 1110 688 1147 atque
715 1094 940 1131 nauticationes
963 1103 1018 1138 per
1037 1104 1135 1125 annos
1159 1092 1233 1134 plu-

480 1154 598 1192 rimos,
632 1148 740 1196 quales
763 1159 786 1180 a
815 1143 938 1189 saeculo
965 1153 1131 1185 numquam
1164 1139 1234 1181 fue-

481 1213 582 1239 rant.
622 1198 804 1245 qulagium
842 1208 865 1229 ra
904 1190 1092 1228 Bonifacio
1133 1188 1234 1222 VIII.

482 1255 576 1302 Papa
610 1251 694 1288 Lib.
731 1263 766 1294 4.
800 1243 907 1294 Epist.
945 1253 1029 1288 217.
1062 1251 1236 1275 memora-

482 1313 583 1347 tum,
619 1301 713 1337 idern
749 1297 794 1333 est
830 1307 934 1342 atque
966 1290 1154 1336 capitatio.
1182 1287 1239 1323 Ad

485 1354 568 1389 haec
605 1352 776 1386 affirmare
810 1359 882 1382 non
919 1343 1023 1380 ausim
1047 1369 1056 1385 ‚
1098 1352 1141 1375 an
1183 1337 1242 1373 sub

485 1400 727 1449 Langobardis
746 1401 781 1433 δε
801 1395 944 1433 Francis
971 1391 1109 1428 Tributa
1136 1403 1155 1424 a
1174 1398 1244 1422 ter—

485 1466 601 1492 rarum
641 1448 877 1499 poffefforibus
905 1446 942 1480 in
977 1442 1081 1477 Italia
1118 1437 1259 1485 pende—'

486 1514 625 1542 rentur.
653 1499 794 1536 Exfistit
810 1496 954 1545 quidem
983 1488 1163 1527 Ludovici
1186 1488 1243 1522 ‘Pii

487 1553 635 1602 Augusti
675 1553 753 1587 Lex
790 1541 1058 1591 Langobardica
1096 1551 1154 1587 31.
1189 1537 1243 1573 his

488 1605 604 1638 verbis
633 1605 820 1645 concepta:
860 1593 1056 1639 ‚Quicumque
1091 1588 1245 1625 Tribma—

487 1654 569 1688 riam
592 1662 731 1691 terram,
757 1646 840 1681 unde
867 1643 1035 1677 TrIbutum
1058 1643 1101 1676 ad
1124 1651 1246 1684 partem

489 1703 623 1745 nostram
642 1699 724 1733 exire
746 1697 886 1742 solebat,
913 1694 967 1728 vel
986 1694 1029 1728 ad
1054 1689 1245 1733 Ecclesiam,

487 1754 544 1788 vel
573 1750 706 1786 cuilibet
743 1746 836 1783 alteri
873 1743 1068 1785 tradiderit,
1107 1742 1154 1779 is,
1192 1740 1247 1786 qui

490 1817 557 1839 eam
580 1799 738 1846 suscepit,
766 1795 957 1837 Trifanum,
993 1794 1074 1840 quod
1096 1792 1173 1826 ,inde
1193 1790 1246 1834 so-

489 1855 576 1888 lebat
597 1852 741 1896 solvere,
763 1846 952 1882 omnimodIs
978 1846 1020 1879 ad
1043 1853 1164 1887 partem
1190 1854 1246 1874 no-

483 1903 584 1947 stram
613 1901 745 1946 solvat,
779 1897 844 1938 nisi
874 1897 955 1940 forte>
981 1895 1074 1929 talem
1103 1892 1247 1937 firmita-

491 1964 553 1988 tem
579 1952 692 1986 habeat
716 1952 755 1984 de
778 1958 868 1992 parte
905 1946 1004 1988 nostra
1021 1972 1031 1989 ,
1064 1955 1121 1988 per
1155 1955 1247 1988 quam

492 2004 595 2048 ipsum
630 2001 799 2035 Tributum
827 1997 892 2039 fibi
924 1998 1128 2040 perdonatum
1159 1993 1249 2036 poffit

494 2053 643 2096 ostendere
662 2076 671 2086 .
712 2049 776 2085 Sed
819 2047 916 2082 haeic
952 2045 1128 2080 'tributaria
1163 2054 1250 2076 terra

494 2104 547 2138 nil
575 2100 669 2137 aliud
697 2100 741 2135 est
770 2099 874 2147 quam
901 2095 1051 2141 censualis
1077 2107 1183 2136 terra,
1208 2092 1246 2127 in

494 2150 713 2200 subsequenti
749 2152 847 2198 Lege
891 2160 949 2195 32.
986 2144 1137 2193 ejusdem
1171 2145 1250 2178 Au-

495 2202 580 2252 gusti
617 2195 832 2244 memorata,
867 2199 935 2234 hoc
971 2197 1041 2239 est,
1077 2207 1164 2242 quae
1191 2207 1250 2228 co-

495 2253 587 2289 lonis
616 2252 835 2290 tradebatur,
855 2258 895 2285 ut
931 2259 1083 2284 annuum
1112 2243 1249 2280 censum

493 2302 702 2339 redderent.
742 2299 951 2336 Incolendae
990 2308 1106 2333 autem
1139 2304 1251 2329 terrae

493 2353 666 2389 dabantur
689 2358 750 2385 aut
769 2350 906 2388 Servis,
933 2357 993 2384 aut
1013 2345 1251 2385 Aldionibus‚

492 2401 670 2439 interdum
695 2413 838 2448 quoque
859 2398 999 2434 Liberis
1026 2394 1251 2437 hominibus,

492 2466 609 2490 annuo
636 2450 752 2488 Censu
775 2448 968 2486 constituto
985 2473 995 2482 .
1027 2445 1142 2495 Cujus
1164 2457 1252 2481 con-

1320 240 1355 262 ra
1382 227 1420 262 in
1447 226 1636 262 Chronicis
1661 223 1907 262 Vulturnenfi‚
1934 222 1973 259 &
1994 225 2075 257 Par-

1320 276 1425 318 fenfi,
1450 289 1554 323 atque
1581 276 1619 310 in
1643 274 1698 310 his
1723 273 1804 322 ipsis
1827 273 1972 312 Libris.
2001 275 2076 308 Sta-

1322 337 1437 363 tutum
1477 326 1545 362 fuit
1581 325 1621 361 in
1647 327 1743 373 Lege
1766 325 1882 360 Salica
1910 324 1990 360 Tit.
2015 335 2078 370 43.

1322 378 1363 413 de
1404 376 1573 412 homicid.
1613 376 1795 424 ingenuor.
1833 374 1924 424 Cap.
1967 376 2000 410 8.
2040 374 2079 408 si

1323 428 1392 474 quis
1411 432 1590 462 Romanum
1605 427 1807 461 tributarium
1819 426 1983 468 occiderit,
2003 424 2078 458 mil-

1324 477 1540 520 leoHingemis
1571 477 1724 512 Denariis
1759 476 1925 519 culpabilis
1955 474 2079 521 judice·

1325 540 1396 563 tur.
1435 528 1602 562 Pithoeus
1628 526 1668 562 in
1694 525 1840 562 Glofl‘ar.
1874 528 1963 573 Leg.
1988 524 2081 559 Sali-

1326 591 1384 613 cae
1419 577 1502 613 inde
1539 576 1670 616 hausit,
1705 581 1864 612 Romanos
1897 574 2082 610 tributarios

1327 628 1425 663 fuiffe
1453 629 1671 675 appellat083
1700 641 1752 662 nec
1777 627 1859 661 enim
1885 625 2004 660 Franci
2031 624 2083 658 in-

1324 679 1423 725 genui
1448 680 1628 722 pendebant
1654 679 1841 712 Tributum.
1870 673 2084 723 Gregorium

1330 728 1569 763 Turonensem
1591 728 1710 763 testem
1731 726 1893 769 adducit,
1914 726 1975 774 qui
2001 724 2084 760 Lib.

1331 781 1412 814 Vll.
1433 777 1524 825 Cap.
1547 780 1624 813 XV.
1648 778 1776 814 Histor.
1797 776 1983 812 francicae
2003 774 2085 809 scri-

1331 830 1408 864 bit:
1437 829 1508 873 Ipse
1534 831 1647 862 multos
1671 831 1711 863 de
1737 827 1890 869 Francis,
1927 826 1984 873 qui
2010 835 2087 862 tem-

1327 892 1399 924 pore
1424 879 1622 913 childeberti
1657 881 1759 926 Regis
1788 877 1920 923 firmioris
1957 874 2087 922 ingenui

1326 930 1456 973 fuerant
1471 954 1481 968 ‚
1520 930 1645 975 publico
1684 930 1802 964 tributo
1834 927 1963 975 subegit
1978 952 1986 961 .
2030 925 2088 959 Pi-

1333 980 1438 1015 thoeo
1456 979 1643 1014 subscribit
1663 978 1915 1027 Du-Cangius.
1936 978 1996 1011 An
2018 977 2088 1009 Ro-

1308 1030 1428 1080 ¹mani
1456 1032 1624 1074 tantum,
1661 1030 1728 1065 hoc
1765 1030 1810 1065 est
1848 1027 2091 1064 descendentes

1333 1094 1377 1116 ex
1403 1081 1477 1124 iis,
1513 1080 1574 1128 qui
1613 1089 1693 1116 ante
1722 1083 1934 1116 Francorum
1962 1073 2092 1112 adv'en-

1334 1131 1587 1184 turn-§alliam
1607 1131 1832 1169 incolebant,
1857 1129 2012 1165 Tributo
2031 1126 2093 1161 ob-

1335 1190 1437 1213 noxu
1472 1177 1628 1221 fuerint,
1662 1180 1790 1215 franci
1827 1183 1910 1215 vero
1945 1176 2095 1224 Ingenui

1335 1239 1458 1261 omnes
1494 1226 1672 1262 Immunes
1704 1229 1751 1263 ab
1782 1243 1828 1263 eo
1851 1253 1862 1266 ,
1897 1228 1948 1262 sat
1984 1225 2095 1260 firmis

1337 1275 1534 1312 rationibus
1575 1278 1732 1310 nondum
1773 1277 1911 1311 fortasse
1953 1276 2098 1310 demon-

1338 1326 1480 1362 stratum
1516 1325 1586 1360 est.
1625 1327 1744 1361 Unum
1782 1339 1847 1374 ego
1883 1337 1975 1359 nunc
2012 1336 2098 1358 con-

1340 1377 1473 1412 tendo:
1511 1388 1636 1423 nempe
1673 1390 1715 1411 ex
1742 1389 1784 1411 eo
1822 1375 1954 1411 Salicae
1990 1373 2098 1417 Legis

1341 1428 1422 1462 loco
1456 1425 1551 1460 nihil
1593 1425 1680 1460 certi
1716 1425 1855 1461 effluere
1893 1425 1934 1460 ad
1971 1422 2099 1459 confir-

1344 1476 1507 1512 mandam
1545 1474 1716 1523 ejusmodi
1754 1475 1962 1511 sententiam
1986 1501 1994 1509 .
2031 1478 2102 1508 Ro-

1318 1524 1321 1568 ’,
1345 1540 1456 1563 manus
1479 1526 1672 1561 tributuram
1698 1525 1777 1568 ibi,
1803 1525 1827 1560 fi
1856 1526 1941 1573 quid
1971 1523 2075 1559 video
2091 1551 2102 1568 ,

1345 1577 1526 1613 hominem
1556 1576 1803 1611 tantummodo
1831 1575 2002 1624 fignificat
2032 1577 2103 1610 Ro-

1348 1641 1469 1664 manae
1495 1626 1586 1674 Legi
1613 1625 1790 1661 addietum
1820 1640 1838 1661 a
1866 1640 1936 1673 quo
1963 1627 2102 1659 trtbuta-

1347 1680 1429 1714 rium
1461 1676 1608 1724 *aliquod
1644 1677 1823 1724 praedium
1850 1675 2103 1711 excolebatur.

1348 1727 1552 1772 Beneficiarii
1569 1740 1709 1774 quoque
1730 1727 2015 1775 appellabantur,
2040 1723 2106 1771 qui

1348 1777 1504 1816 Censum
1528 1777 1589 1813 ‘seu
1615 1778 1808 1813 Tributum
1834 1776 1981 1812 domino
2008 1787 2106 1822 prae-

1349 1831 1401 1865 dii
1428 1829 1635 1864 reddebant.
1666 1829 1758 1863 Heic
1788 1838 1904 1864 autem
1931 1826 2104 1862 Aldiones

1352 1879 1560 1928 fignificari,
1593 1891 1664 1913 non
1691 1882 1774 1914 vero
1810 1878 1955 1914 Liberos
1980 1872 2020 1909 &
2049 1874 2105 1909 in-

1352 1943 1481 1980 genuos
1508 1929 1695 1968 homines,
1732 1932 1808 1965 Lex
1833 1925 1987 1962 anterior
2025 1924 2106 1960 satis

1326 1986 1327 1993 ¹
1353 1982 1508 2017 indicat.
1545 1982 1638 2016 Nam
1676 1978 1815 2014 Romani
1838 1975 2004 2010 tributarii
2030 1988 2107 2010 cae-

1355 2034 1412 2068 des
1439 2031 1550 2066 luitur
1574 2032 1788 2077 quadraginta
1812 2029 1948 2073 quinque
1967 2025 2108 2060 solidis.

1354 2084 1394 2117 Si
1428 2085 1502 2116 verb
1538 2085 1702 2116 Romanus
1735 2079 1821 2112 homo
1855 2075 2021 2122 paffefflzr,
2055 2076 2108 2110 hoc

1357 2136 1397 2175 est
1424 2133 1478 2180 qui
1504 2146 1551 2166 res
1574 2130 1717 2178 proprias
1740 2128 1870 2173 poffidet
1896 2127 1962 2174 (id
1990 2135 2108 2161 autem

1356 2183 1527 2232 fignificat
1549 2180 1715 2218 Nobilem
1736 2178 1792 2212 seu
1812 2177 2027 2225 ingenuum)
2049 2189 2109 2212 oc-

1359 2240 1468 2272 cssor,
1492 2232 1616 2266 vSolia'is
1640 2240 1758 2264 centum
1780 2229 1953 2272 ¹culpabtlis
1985 2227 2109 2272 judice-

1358 2295 1429 2318 tur.
1456 2285 1548 2331 Ergo
1568 2294 1637 2317 non
1663 2279 1747 2314 hinc
1767 2278 1984 2314 inferendum
1999 2305 2008 2320 ‚
2038 2280 2109 2312 Ro-

1360 2347 1479 2370 manos
1515 2331 1689 2381 quoslibet
1725 2330 1763 2365 in
1800 2331 1921 2376 Regno
1958 2332 2111 2363 Franco-

1360 2399 1435 2421 rum
1464 2383 1657 2419 Tributarios
1683 2380 1805 2423 fuiffe,
1833 2380 1899 2414 hoc
1927 2378 1971 2414 est
1999 2378 2111 2412 tribu-

1361 2447 1395 2472 ta
1421 2432 1646 2485 persolviffi,
1682 2444 1701 2466 a
1738 2430 1863 2478 quibus
1900 2429 2024 2465 franci
2054 2428 2110 2462 in-

1956 2492 2059 2528 genui
