2279 3006
434 132 523 163 vm

371 181 532 230 modis
567 195 623 229 ac
659 177 955 230 virtutibus.
992 176 1055 228 Et
1092 175 1312 245 quamvis
1360 191 1424 227 ne
1470 192 1562 226 nos
1602 175 1805 245 quidem
1844 179 1975 230 vitiis
1988 203 2005 241 3

371 254 708 324 improbisque
757 253 972 322 moribus
1018 267 1292 301 careamus:
1343 251 1599 301 innumera
1644 266 1808 303 tamen
1858 253 2005 313 sunt,

373 345 500 398 quae
542 328 797 381 Saeculum
838 323 1048 376 nostrum
1086 342 1206 394 prae
1247 325 1464 393 antiquis
1502 327 1880 386 commendant,
1916 344 2005 378 no-

372 404 491 474 sque
542 404 756 468 gaudere
805 398 1004 464 jubent,
1037 399 1175 469 quod
1220 415 1341 450 aevo
1392 400 1474 450 illo
1522 401 1624 450 nati
1670 404 1856 461 iumuS,
1899 418 2003 469 quo

372 483 421 531 &
463 478 651 530 Virtuti
693 475 839 540 majus
866 471 1125 543 pretium,
1162 477 1211 525 &
1261 473 1473 524 moribus
1520 478 1848 542 temperantia
1887 476 2006 526 ube-

372 555 477 605 rior
521 567 669 621 atque
717 550 963 616 elegantia
1007 549 1226 601 ac'ceffit.
1282 548 1551 618 Reliquum
1597 565 1716 612 ergo
1760 551 1862 608 est,
1909 550 2007 600 cle-

375 626 663 678 mentiffime
707 626 938 693 Princeps
963 636 997 682 ,¹
1027 640 1083 675 ut
1133 641 1230 693 qua
1279 623 1400 674 soles
1448 623 1759 689 benignitate<
1801 623 2006 674 Librum

371 701 540 760 hune,
582 699 778 768 ejusque
818 714 1158 763 argumentum
1196 700 1439 767 excipias,
1479 699 1527 748 Si
1566 715 1665 748 non
1708 700 1757 747 in
1799 697 2005 748 Gloriae

371 792 486 828 tuae
520 789 830 838 augmentum
868 772 1041 843 (quod
1070 788 1234 824 tamen
1279 789 1393 824 ante
1426 773 1593 822 oculos
1630 771 1806 839 habui)
1841 787 2005 820 meum

373 850 471 901 hoe
511 844 1075 918 Opu5‚'qualecumque
1110 849 1167 898 fit
1189 884 1204 908 ,
1239 847 1565 899 redundabit:
1604 853 1882 915 praelentes
1914 844 2003 893 sal-

370 940 472 976 tem
512 941 567 974 ac
606 922 822 993 posteros
856 923 1115 981 monebit,
1148 926 1229 974 me‘
1259 925 1329 972 tui
1369 919 1631 978 Nominis,
1665 936 1858 971 tuarum
1890 917 2006 968 Vir-

371 1014 534 1050 tutum
562 1035 575 1058 ,
619 1013 833 1065 tuaeque
884 995 1083 1060 Regalis
1125 999 1321 1060 gentis,
1370 1013 1472 1046 non
1528 995 1822 1064 postremum
1868 989 2005 1042 fuiffe

374 1074 723 1124 admiratorem
759 1087 908 1140 atque
945 1071 1206 1122 cultorem.
1244 1072 1383 1122 Haec
1415 1085 1577 1120 autem
1609 1067 2006 1127 venerabunduS,

371 1151 419 1198 δε
458 1150 621 1200 omnia
658 1146 749 1198 tibi
790 1163 818 1196 e
855 1143 1010 1196 Caelo
1049 1141 1197 1194 fausta
1238 1158 1498 1213 precatuS,
1541 1144 1809 1197 scribebam

490 1313 714 1353 REGIAE
746 1306 1149 1352 CELSITUDINIS
1182 1304 1349 1345 TUAE

610 1545 795 1590 Mutinae
825 1543 926 1588 Prid.
957 1547 1065 1586 Non,
1095 1539 1251 1599 Iunias.
1284 1542 1334 1583 A,
1365 1541 1414 1582 C·
1448 1540 1703 1582 MDCCXL„

1011 2348 1242 2392 numillimus,
1267 2344 1577 2391 Obsequentiffimus,
1604 2339 1652 2377 &¹
1677 2348 1842 2385 perpetuus
1862 2337 2007 2382 famulus

1169 2397 1376 2436 Ludovicus
1401 2393 1582 2433 Antonius
1609 2389 1852 2438 Muratorius.
