2279 3006
461 190 547 243 219‘
733 187 1167 247 ANTIQUJT.
1215 192 1468 237 MEDII
1510 193 1701 241 AEVI
1889 210 1974 248 220

446 297 674 334 Hrodmuna'us
701 297 856 335 Notarius
883 303 930 335 ad
952 302 1052 337 vicem
1078 305 1283 340 Grimblandi
1308 305 1493 353 recognovi.

445 403 538 436 Data
564 404 650 436 XVI.
679 401 846 438 Kalendas
872 405 1041 440 Februarii
1066 410 1188 450 Anno,
1217 408 1339 452 Chrtsto
1361 407 1521 457 propitio,
1562 408 1672 455 Regni
1705 410 1824 446 Domni
1863 412 2027 449 Hlotharii

542 451 670 499 gloriosi
696 453 799 500 Regis
826 457 884 491 XI.
912 456 1090 492 Indic't'ione
1117 461 1187 495 XV.

443 553 567 589 ,Αὲῖιινα
592 554 796 602 Aquisgrani
819 558 950 594 Palatio
976 559 1100 607 Regio,
1129 561 1162 596 in
1191 561 1254 596 Dei
1281 562 1404 595 nomino
1425 560 1579 605 feliciter.
1606 565 1734 600 Amen.

444 654 541 690 Hinc
569 664 686 693 autem
713 659 848 695 elucere
875 660 1037 704 videtur,
1065 674 1153 709 quo·
1192 667 1225 700 A
1260 663 1387 704 nasierii
1409 665 1475 697 San
1486 661 1524 696 ‘li
1544 663 1710 704 Martini,
1738 663 1795 701 vir
1814 664 1938 714 utique
1961 665 2022 703 fla-

393 704 498 752 usque
534 705 568 741 se
607 709 826 755 protenderet
871 711 1037 748 Lotharii
1088 716 1153 750 Re-
1259 712 1518 762 gitiofiffimus‚
1559 727 1597 748 ac
1645 715 1759 751 caesus
1805 716 1842 752 in
1886 718 2021 766 proelio

390 768 521 802 gnum,
569 758 625 793 cui
667 770 823 807 tempore
865 761 959 806 illo,
1005 762 1071 799 hoc
1108 765 1153 800 est
1234 767 1369 800 'Anno
1409 766 1677 801 DCCCLXIV.
1730 770 1770 802 In
1813 768 1925 803 altero
1953 768 2020 804 hoc

390 818 461 841 non
503 807 562 843 sub
609 811 783 847 Lothario
824 812 852 849 I.
881 813 1067 862 Augusto,
1096 815 1151 851 sed
1262 815 1467 863 Diplomate
1518 815 1692 864 integrum
1736 818 1907 863 repetitur
1948 819 2021 868 pri-

390 855 450 892 sub
487 857 549 894 isto
576 861 750 909 Lothario
786 862 859 910 ejus
903 863 981 900 filio
1009 866 1150 914 impofi-
1261 879 1354 902 mum
1374 890 1383 905 ‚
1413 877 1516 913 atque
1544 866 1626 902 haec
1655 867 1932 905 interseruntur:
1973 872 2022 903 Et

389 917 465 943 tum
494 907 562 945 fuit
603 913 832 959 Letharingiae
868 927 1018 950 nomen.
1060 918 1151 952 Am-
1259 917 1407 963 quicquid
1433 931 1468 950 ex
1496 917 1572 960 ipsis
1601 919 1688 952 rebus
1715 919 1748 952 in
1777 918 1925 964 Groffona
1938 919 2022 960 fitae

388 958 588 1007 plificatum
615 962 682 998 hoc
711 965 870 1011 Regnum
909 965 1052 1001 subinde
1082 967 1151 1003 fuit
1253 968 1352 1012 June,
1394 968 1552 1014 omnesque
1602 982 1647 1002 res
1687 971 1843 1015 quondam
1886 970 2023 1004 Huberti

386 1010 460 1059 post
486 1012 625 1048 obitum
655 1012 772 1049 fratris
801 1014 852 1051 sui
893 1014 1019 1052 Caroli
1065 1019 1149 1054 Pro·
1258 1017 1378 1053 Abbas
1406 1018 1476 1064 (en
1506 1027 1544 1054 ut
1568 1019 1742 1054 Abbatem
1766 1021 1926 1060 tantum,
1950 1033 2021 1055 non

387 1061 526 1099 vinciae
577 1063 703 1113 Regis,
755 1064 817 1113 qui
859 1067 968 1103 Anno
999 1070 1148 1106 DCCC-
1260 1071 1342 1104 verb
1372 1071 1506 1104 Ducem
1536 1069 1638 1105 illum
1669 1070 1861 1106 Lorharius
1902 1071 2022 1118 appel-

386 1115 522 1149 LXIII.
558 1113 719 1162 improlis
761 1116 854 1151 diem
884 1117 1006 1153 claufit
1033 1128 1148 1154 extre·
1193 1123 1222 1156 B
1259 1119 1341 1165 lat)
1367 1120 1479 1162 fratris
1506 1120 1623 1163 ipsius,
1652 1134 1729 1167 quas
1753 1132 1809 1167 pro
1847 1121 1915 1165 ejus
1943 1120 2020 1165 infi-

384 1177 511 1208 mum,
557 1174 661 1212 atque
700 1165 930 1201 hereditatem
973 1167 1147 1214 reliquit,
1259 1168 1391 1201 delitate
1427 1169 1527 1209 nostra
1569 1172 1679 1217 Regni
1725 1172 1870 1218 dignitas
1904 1173 2024 1217 sortita

385 1214 532 1251 (ii-*isam
563 1215 674 1264 postea
717 1217 809 1252 inter
845 1216 1070 1252 Ludovicum
1101 1218 1146 1254 [I.
1234 1217 1320 1259 xeft‚
1359 1218 1410 1250 illi
1450 1220 1626 1262 tradimus,
1678 1222 1780 1266 adque
1820 1222 2022 1266 transfundi-

1259 1281 1349 1311 mus,
1377 1279 1531 1314 quatenus
1558 1282 1610 1303 eas
1634 1273 1767 1312 perenni
1789 1272 1862 1316 jure
1887 1275 1931 1307 ad
1947 1284 2022 1318 pro-

1255 1319 1360 1363 prium
1388 1319 1544 1354 retineat.
1572 1321 1636 1353 sed
1663 1331 1698 1354 ut
1725 1322 1933 1356 liberalitatis
1954 1325 2022 1358 lar-

1254 1368 1337 1411 gitio
1364 1368 1436 1407 dvc.
1466 1377 1504 1403 ut
1531 1369 1567 1403 in
1599 1371 1817 1413 praecedenti
1842 1373 2021 1409 vidimus.

1258 1416 1450 1452 subscribit
1478 1419 1723 1452 Con-imblandus
1753 1423 1874 1465 Regiae
1911 1424 2022 1468 digni-

1256 1468 1334 1502 tatis
1360 1468 1574 1502 Cancellarius
1593 1495 1602 1504 .
1645 1472 1735 1504 Data
1776 1473 1865 1506 VIII.
1894 1474 2022 1507 Kalen-

1254 1520 1311 1553 das
1340 1518 1517 1553 Decembris
1542 1523 1664 1563 Anno,
1705 1521 1828 1562 Christo
1861 1524 2021 1569 propitio,

1255 1569 1364 1615 Regni
1409 1568 1619 1615 gloriosiffimi
1669 1566 1723 1604 ac*
1741 1572 1874 1616 piiffimi
1919 1575 2022 1618 Regis

1256 1619 1424 1653 Hlotharii
1451 1621 1526 1653 XII.
1557 1618 1734 1654 Indifflione
1753 1623 1778 1655 Ι.
1807 1622 1931 1656 Aflum
1952 1627 2022 1658 Do-

1254 1669 1398 1705 diniaco.
1436 1669 1493 1705 Ad
1523 1668 1606 1705 haec
1636 1670 1765 1720 Regiae
1793 1671 2020 1709 liberalitatis

1255 1720 1292 1756 in
1323 1719 1474 1768 Reginas
1501 1720 1679 1769 Coniuges
1721 1722 1879 1770 exempla
1921 1723 2020 1759 deni-

1257 1784 1323 1818 que
1366 1770 1452 1806 istud
1494 1770 1601 1806 etiam
1639 1771 1802 1815 accedat,
1844 1773 1937 1821 quod
1975 1788 2018 1810 ex

1257 1822 1480 1863 membrana,
1509 1821 1690 1871 archetypi
1732 1822 1857 1858 faciem
1887 1824 2018 1872 praefe-

383 1267 603 1315 Augustum‚
649 1267 683 1302 &
729 1266 941 1303 Lotharium
990 1270 1117 1317 Regem
1136 1293 1146 1308 ‚

384 1316 505 1353 fratres
533 1317 752 1365 superstites.
793 1316 887 1353 Cum
927 1317 981 1353 his
1024 1319 1145 1354 conso-

383 1376 494 1406 nant,
522 1381 609 1414 quae
638 1369 837 1404 Hadrianus
875 1368 1030 1404 Valesius
1068 1383 1144 1404 eru-

382 1416 455 1452 dite
482 1417 734 1453 animadvertit
764 1418 799 1453 in
830 1419 973 1454 Notitia
1007 1419 1144 1454 Gallia-

382 1480 457 1503 rum
487 1478 564 1515 pag.
594 1471 677 1514 283.
701 1468 777 1502 Post
800 1481 869 1502 non
893 1470 1023 1503 multos
1046 1482 1142 1503 men-

381 1519 431 1554 ses
448 1519 558 1553 altero
579 1517 785 1565 Diplomate
800 1517 1027 1553 confirmavit
1047 1518 1140 1554 idem

382 1568 573 1606 Lotharius
602 1568 758 1604 eamdem
786 1568 1036 1608 donationem,
1083 1569 1142 1604 ad—
1183 1576 1214 1610 C

381 1620 541 1667 diditque
570 1632 622 1654 res
651 1618 827 1665 quondam
859 1618 998 1654 Huberti
1024 1619 1141 1656 fratris

380 1670 532 1719 ejusdem
579 1669 844 1717 Theotbergae,
900 1669 962 1717 qui
1007 1670 1142 1706 scilicet

380 1721 583 1761 Habemus,
622 1719 644 1754 fi
682 1717 765 1754 fides
802 1720 1077 1768 sammarthanis
1103 1722 1141 1757 in

381 1770 607 1818 Genealogic.
633 1769 762 1805 Histor.
794 1772 878 1819 Reg.
916 1773 1078 1808 Francor.
1106 1786 1142 1808 a-

379 1821 576 1870 djungenda
618 1820 686 1860 est,
730 1822 859 1857 Ducali
902 1822 1011 1859 titulo
1053 1823 1140 1872 apud

379 1874 514 1920 ΑΙρεε,
543 1869 581 1907 &
610 1872 774 1906 Montem
796 1873 995 1916 jurensem,
1025 1876 1140 1923 Popu-
1256 1882 1354 1908 rente
1372 1900 1381 1916 ‚
1425 1871 1463 1907 in
1491 1872 1653 1908 Archivo
1697 1873 1865 1909 sacrarum
1895 1874 2016 1924 Virgi-

379 1924 433 1958 los
461 1920 580 1957 rexit:
625 1921 680 1956 sed
718 1921 754 1956 in
782 1924 982 1960 Annalibus
1024 1924 1139 1961 Berti-
1255 1933 1339 1959 num
1381 1921 1623 1959 Ticinenfium
1662 1923 1867 1960 Monasterii
1896 1925 2016 1961 Theo—

378 1972 494 2008 nian}s
511 1971 760 2007 tantummodo
783 1976 981 2021 appellatur
1002 1978 1140 2010 Hucber-
1257 1974 1377 2017 dotes,
1418 1986 1510 2009 nunc
1537 1975 1576 2008 de
1602 1975 1787 2018 posterula,
1834 1975 1922 2011 olitn
1950 1988 2015 2025 ego

380 2034 430 2058 tus
457 2023 596 2058 Clericus
621 2022 827 2071 conjugatus,
855 2026 898 2060 (ἓν
923 2028 1039 2062 Abbas
1064 2029 1140 2061 Mo-
1184 2027 1227 2073 D3
1256 2024 1329 2074 ipse
1356 2023 1515 2073 descripsi
1533 2051 1542 2060 .

427 2147 560 2192 Curtis
590 2149 638 2191 de
670 2149 903 2205 Pratoplano
934 2150 1097 2193 donatio
1127 2149 1227 2193 faRa
1261 2152 1400 2194 Annae
1433 2152 1630 2207 Augustae
1671 2148 1843 2207 Conjugi
1875 2149 1961 2194 suae

734 2224 758 2251 a
788 2212 1022 2265 Berengario
1055 2214 1086 2253 I.
1119 2213 1378 2267 Imperatore,
1411 2214 1531 2254 Anno
1558 2225 1657 2264 920.

1252 2328 1330 2362 riale
1350 2328 1517 2376 fastigium
1542 2326 1713 2372 provexit,
1755 2325 1901 2373 nobisque
1926 2326 2011 2372 aspi*

1252 2379 1362 2421 ravit,
1390 2393 1429 2413 ne
1457 2380 1571 2413 ultima
1598 2391 1650 2411 nos
1675 2378 1744 2411 dies
1771 2379 1938 2423 imparatos
1966 2392 2012 2412 re-

1249 2428 1396 2474 periffet‚
1432 2439 1467 2464 ut
1500 2430 1539 2462 de
1574 2427 1672 2470 celesti
1712 2428 1854 2474 regione,
1891 2428 1923 2462 in
1951 2442 2013 2474 qua

1252 2493 1312 2514 non
1336 2479 1514 2527 peregrini,
1537 2478 1594 2523 sed
1619 2479 1740 2512 heredes
1766 2477 1819 2523 effe
1845 2480 2007 2521 debemus,

1247 2530 1386 2574 sollicita
1413 2528 1584 2566 intentione
1612 2528 1707 2576 ipsius
1733 2529 1890 2578 adjutorio
1916 2528 2012 2570 confi-s

1905 2582 1961 2616 de-

430 2329 461 2359 N
487 2327 608 2360 nomine
635 2326 767 2361 Domini
795 2327 858 2361 Dei
896 2328 1035 2363 aeterni.
1080 2331 1145 2362 Be-

451 2377 614 2420 rengarius
640 2378 760 2412 divina
785 2378 953 2413 ordinante
979 2378 1144 2413 clementia
1170 2384 1209 2417 :E

377 2428 548 2469 Imperator
574 2427 742 2474 Augustus
759 2454 768 2463 .
817 2430 1026 2476 Benignitati
1050 2429 1140 2464 divi-

378 2489 436 2510 nae
463 2485 609 2521 deputare
635 2480 778 2512 debemus
794 2506 803 2519 ,
831 2481 913 2525 quod
932 2480 994 2524 sua
1021 2480 1136 2525 ineffa-

377 2527 435 2559 oili
475 2528 635 2563 asmentia
671 2529 839 2564 immeritos
877 2530 922 2565 ad
955 2530 1008 2564 hoc
1034 2533 1135 2577 Impe-
