2279 3006
471 221 523 264 39
736 203 1182 264 ANTIQUm:
1234 196 1495 244 MEDJJ
1539 195 1731 242 ARV!
1929 197 1987 242 ’σο

408 268 483 302 dum
511 269 554 302 (9·
592 268 846 312 observandum,
891 268 973 314 quod
1013 267 1094 301 inter
1119 280 1167 302 eos
1205 263 1237 298 A
1290 273 1357 299 mo,
1385 257 1432 298 &⁹
1459 258 1519 294 alii
1555 260 1771 306 quamplures,
1813 259 1855 294 (9⁶
1891 262 2047 295 Albertus

406 328 463 362 per·
503 319 692 355 concordiam
733 319 862 354 dicerem
878 343 888 352 .
930 318 1017 352 Unde
1059 317 1167 353 habito

410 369 535 412 consilio
562 371 727 405 multorum
752 369 938 414 sapientum
970 378 1023 414 per
1049 382 1165 404 concor-

410 422 499 456 diam
526 422 693 456 Mutinam
719 435 739 455 a
765 419 928 455 Toloneo
963 420 995 454 &
1026 419 1166 469 Ripati-

413 484 456 507 co
484 471 642 507 Bondeni
670 471 815 516 absolvo,
843 471 886 504 <9⁶
910 482 958 504 eos
983 480 1037 516 per
1055 484 1167 505 unam—

412 535 564 570 quamque
591 535 704 557 navem
729 520 905 555 venientem
932 521 1077 556 Ferrarie
1103 535 1169 555 cum

413 587 529 617 avere,
570 574 623 607 vel
646 581 821 620 pergentem
860 586 880 606 a
915 571 1067 606 ferraria
1101 572 1170 615 sur-

408 625 480 669 sum
506 637 572 658 cum
599 635 711 666 avere,
739 630 806 657 tres
835 622 1035 671 Imperiales
1057 621 1171 659 Com-

414 674 514 710 muni
552 671 706 708 Ferrarie
740 672 819 708 dare
846 674 1055 720 condempno,
1084 673 1173 715 [alvo

415 739 448 759 co
475 727 599 759 tantiam
641 724 722 770 quod
758 724 911 767 accipitur
942 734 998 770 pro
1023 724 1099 758 Sale
1127 722 1173 761 ὦ)

415 775 522 818 Pisce.
551 777 596 809 Et
623 774 700 821 quia
720 784 775 822 per
801 774 886 816 telles
913 776 1003 809 datos
1029 787 1065 807 ex
1083 783 1175 818 parte

416 825 549 860 Girardi
577 829 734 869 Rangune
772 825 899 859 Mutine
935 824 1100 867 Potestatis
1126 837 1174 859 co-

414 876 535 924 gnovi,
564 877 644 921 quod
662 875 872 919 ferrarienses
897 876 1020 910 nullum
1042 875 1175 909 Datium

417 928 472 961 vel
499 927 628 961 Toleum
662 926 766 974 aliquo
801 936 933 973 tempore
969 926 1002 960 in
1040 925 1176 960 Mutina

417 978 472 1011 vel
499 977 532 1011 in
559 976 703 1020 dtstrt‘c‘lu
729 977 860 1011 Mutine
894 980 1067 1018 dederant,
1110 975 1176 1009 ideo

418 1030 458 1063 ab
485 1028 568 1062 omni
606 1026 742 1063 Datione
783 1026 828 1065 ἐφ’
855 1028 896 1062 ab
922 1026 1005 1061 omni
1031 1026 1176 1061 Tolloneo

418 1079 453 1114 in
481 1079 617 1114 Mutina
640 1078 694 1112 vel
721 1078 754 1112 in
780 1077 924 1120 diftrtflu
952 1077 1084 1112 Mutine
1115 1077 1175 1110 da-

419 1143 451 1164 re
478 1129 689 1173 Ferrarienses
714 1128 867 1169 absolvo:
906 1127 953 1167 &¹
989 1128 1071 1173 quod
1098 1129 1176 1161 Fer-

420 1181 570 1225 rarienses
597 1179 717 1214 nullum
746 1179 879 1213 Datium
907 1178 940 1212 in
969 1178 1104 1211 Mutina
1123 1177 1177 1210 vel

419 1231 454 1265 in
480 1230 622 1273 dislriflu
647 1229 778 1265 Mutine
804 1228 973 1266 tribuant,
1013 1236 1067 1271 per
1106 1238 1177 1259 con-

419 1282 555 1316 cordiam
580 1282 749 1316 conlaudo.
791 1282 838 1314 Et
865 1278 911 1312 ita
937 1277 1095 1312 attendere
1118 1275 1178 1319 sub

419 1343 500 1378 pena
525 1342 645 1367 centum
671 1332 824 1366 librarum
851 1327 1065 1375 Imperialium
1099 1325 1180 1357 inter

421 1383 634 1427 ferrarienses
677 1381 724 1420 23³·
770 1378 969 1423 Mutinenses
1008 1374 1145 1423 precipt'o
1169 1399 1179 1408 .

420 1435 492 1477 Que
518 1433 622 1467 omnia
648 1433 806 1467 attendere
831 1441 885 1476 per
914 1429 1007 1474 suum
1034 1429 1179 1460 Commu-

421 1495 459 1516 ne
494 1481 599 1515 Guido
637 1483 675 1515 de
716 1481 902 1516 Landriano
938 1477 1083 1513 Ferrarie
1119 1478 1181 1507 Po-

420 1532 539 1574 testas,
566 1530 613 1568 (φ’
630 1533 660 1574 J
663 1531 796 1565 ohannes
822 1534 860 1565 de
887 1530 1013 1564 Albam
1038 1522 1183 1559 ferrat-ie

420 1582 558 1627 Consul,
580 1591 636 1626 pro
654 1580 689 1625 se
710 1582 752 1614 δ’
767 1580 844 1614 aliis
861 1576 1047 1621 Consulibus
1065 1576 1182 1608 Ferra-

421 1633 466 1667 rie
483 1657 493 1671 ,
520 1632 658 1666 Gerardo
685 1635 845 1676 Rangune
873 1627 1004 1662 Mutine
1032 1623 1182 1664 Potestati

421 1684 464 1717 Θ
492 1682 646 1718 Καίηενίο
665 1682 704 1714 de
724 1680 928 1713 Boeabadata
948 1675 1078 1710 Mutine
1098 1676 1180 1708 Con-

416 1733 487 1778 sule
511 1743 568 1776 pro
588 1730 646 1775 suo
672 1728 837 1763 Communi
867 1726 928 1772 sub
952 1737 1035 1773 pena
1061 1735 1180 1759 centum

422 1781 595 1818 Librarum
622 1779 839 1823 Imperialium
863 1777 1092 1822 promiserunt.
1135 1777 1182 1809 Et

422 1832 581 1867 Gerardus
609 1834 768 1876 Rangune
794 1828 931 1870 Potestas
958 1828 1001 1861 (9²
1027 1825 1182 1861 Rainerio

421 1882 538 1926 Consul
566 1881 696 1915 Mutine
717 1880 778 1924 sub
802 1890 883 1925 pena
909 1888 1027 1912 centum
1063 1875 1180 1911 Libra-

421 1946 489 1967 mm
518 1931 734 1976 Imperialium
759 1941 814 1976 pro
836 1928 868 1974 Je
895 1932 936 1963 (9¹
957 1928 1015 1974 suo
1037 1932 1181 1962 Commu-

423 1983 458 2017 ni
484 1982 587 2016 omnia
618 1980 807 2027 supradiHa
851 1983 1007 2014 attendere
1042 1976 1182 2011 Guidoni

423 2034 461 2067 de
497 2030 682 2067 Landriano
738 2030 883 2064 Ferraric
922 2028 1098 2071 Potestan',
1139 2028 1182 2060 (9⁶

414 2082 562 2128 Johanm‘
587 2083 624 2117 de
650 2081 778 2116 Albam
807 2081 948 2115 ferraria*
974 2079 1106 2126 Consulo
1127 2089 1182 2124 pro

417 2134 476 2178 suo
502 2132 667 2167 Communi
691 2131 896 2176 promiserunt
912 2158 919 2165 .
948 2131 1010 2165 Ad
1036 2129 1087 2163 hec
1111 2139 1182 2174 pre-

417 2184 523 2228 sentes
544 2182 674 2227 fuerunt
700 2181 787 2223 testes
815 2181 1042 2216 Presbiterinus
1067 2181 1183 2213 Ferra-

425 2233 557 2273 rienfis‚
610 2232 814 2267 Guillielmus
861 2233 901 2266 de
954 2229 1183 2270 Marchefella,
1210 2262 1216 2274 ι

426 2285 595 2319 Albericus
621 2284 660 2317 de
687 2285 841 2317 Funtana
857 2307 866 2321 ,
895 2280 1076 2326 Adegerius
1102 2283 1186 2312 Tar-

426 2335 566 2374 curolus‚
607 2338 677 2367 Can
704 2359 862 2368 .....
897 2343 1001 2379 petrus
1029 2331 1186 2364 Comada-

426 2396 473 2418 tor
507 2395 562 2427 pro
597 2383 781 2417 Guillielmo
815 2389 853 2417 de
888 2386 979 2419 Am,
1016 2381 1187 2414 saracinos

426 2437 464 2468 de
489 2433 672 2468 Guillielmo
693 2456 703 2471 ,
740 2434 919 2476 Stephanus
948 2433 1084 2477 Judex,
1126 2433 1186 2463 Pe-

426 2494 495 2518 trus
520 2486 558 2518 de
584 2482 742 2528 Pacifico,
779 2484 947 2518 Rolandus
984 2486 1022 2517 dc
1058 2481 1186 2516 Richel-

1288 312 1327 345 de
1352 311 1544 358 Aldigerio.

1341 364 1388 396 Et
1407 375 1461 408 ego
1486 360 1640 407 Magister
1650 360 1878 396 Presbiterinus
1895 362 1959 397 Dei
1970 373 2046 408 gra-

1290 413 1336 447 tia
1348 413 1522 458 Imperialis
1543 412 1631 447 Aule
1641 413 1793 447 Notarius
1803 412 1849 451 c&
1859 413 1968 447 Scriba
1985 416 2046 446 Po-

1290 463 1430 505 testatis,
1457 465 1500 497 ad
1525 466 1576 497 hec
1601 462 1706 496 omnia
1728 464 1849 508 presens
1881 463 2046 497 voluntate

1292 513 1481 555 Potestatum
1508 512 1553 551 ἐν
1573 513 1741 558 Consulum
1766 513 1925 560 utriusque
1951 511 2047 547 Civi-

1290 564 1390 602 tatis,
1418 574 1453 596 ut
1478 563 1619 602 audivi,
1641 563 1752 608 scripsi
1771 574 1861 610 atque
1876 561 2047 608 complevi.

1344 613 1513 649 Destinati
1551 616 1632 648 verb
1661 614 1701 649 ad
1739 615 1934 663 colligenda
1962 624 2047 647 cun-

1289 663 1345 699 &a
1372 663 1455 699 haec
1483 663 1682 712 Vefihgalia
1717 663 1811 700 fuere
1847 661 2046 705 Telonearii,

1289 727 1437 762 quorum
1467 713 1627 762 frequens
1655 715 1788 750 mentio
1826 714 1862 749 in
1891 712 2047 760 antiquis

1292 765 1529 812 Diplomatis.
1570 765 1759 800 Aetionarii
1804 777 1943 813 quoque
1986 774 2047 809 pro

1292 814 1383 850 Fisci
1434 815 1604 850 reditibus
1648 815 1806 864 vigilasse
1862 814 2046 850 videntur.

1291 867 1406 901 Immo
1434 864 1470 901 &
1499 865 1539 900 ad
1569 865 1660 912 ipsos
1688 869 1787 901 Duces
1813 875 1918 913 atque
1942 862 2048 898 Comi-

1290 928 1335 951 tes
1360 915 1534 963 spectabat
1562 929 1640 952 cura
1662 916 1848 952 Fiscaliurn
1869 913 2047 950 redituum

1292 966 1591 1014 colligendorum,
1642 979 1830 1015 eorumque
1875 965 1913 1001 in
1943 963 2048 1012 Regis

1291 1017 1460 1052 aerarium
1489 1017 1745 1053 inferendorum
1763 1044 1772 1052 .
1813 1016 1876 1052 Sed
1905 1026 2049 1063 pergen-

1291 1067 1372 1102 dum
1401 1067 1469 1102 est.
1512 1069 1565 1102 De
1606 1069 1746 1108 Multis,
1788 1066 1857 1102 five
1884 1064 2049 1103 Mulclis,

1291 1118 1356 1153 hoc
1377 1117 1421 1153 est
1442 1119 1561 1167 poenis
1583 1118 1815 1167 pecuniariis,
1833 1130 1921 1164 quae
1941 1114 2050 1150 etiam

1292 1171 1398 1203 Freda
1426 1169 1712 1217 appellabantur,
1749 1168 1803 1204 uti
1845 1166 1883 1204 &
1913 1165 2052 1206 Leudiso

1293 1217 1360 1251 sive
1388 1222 1529 1253 Leudum
1556 1219 1732 1255 interdum
1774 1226 1972 1267 nuncupata
2008 1212 2055 1251 est

1293 1265 1502 1314 composltio
1547 1279 1609 1313 pro
1651 1269 1882 1303 Homicidioz
1926 1265 1985 1302 etsi
2015 1265 2054 1300 in

1294 1315 1513 1361 praecedenti
1559 1316 1737 1352 Differtat.
1772 1319 1889 1351 XVII.
1917 1313 2055 1363 aliquid

1293 1364 1488 1398 indicatum
1518 1365 1587 1403 est,
1624 1366 1736 1400 adhuc
1763 1376 1882 1401 tamen
1911 1378 1963 1401 res
1993 1377 2056 1412 po-

1293 1413 1380 1453 scit,
1408 1423 1447 1448 ut
1473 1412 1576 1448 fufius
1603 1423 1743 1461 agatur.
1781 1416 1816 1449 Si
1846 1415 1929 1460 quid
1958 1414 2054 1448 enim

1294 1464 1420 1503 video,
1455 1476 1500 1499 ex
1539 1463 1603 1498 hoc
1641 1463 1737 1499 fonte
1779 1477 1848 1499 non
1878 1463 2055 1498 mediocre

1294 1516 1573 1550 emolumentum
1621 1515 1761 1562 Regalis
1808 1514 1898 1550 olim
1936 1513 2056 1548 Fiscus

1296 1564 1529 1614 percipiebat.
1574 1565 1680 1609 Quod
1731 1564 1826 1599 enim
1872 1564 2056 1612 praecipue

1295 1614 1644 1651 animadvertendum
1660 1613 1705 1649 est
1718 1642 1726 1656 ,
1749 1614 1972 1661 pluribusque
1989 1613 2056 1649 stu-

1297 1665 1373 1715 pori
1401 1665 1490 1706 erit.
1517 1663 1777 1699 conferentibus
1805 1666 1897 1713 leges
1922 1666 1956 1700 8<
1979 1677 2054 1699 mo-

1296 1730 1347 1751 res
1384 1715 1575 1750 nostrorum
1617 1724 1814 1760 temporum
1853 1727 1931 1750 cum
1961 1713 2056 1750 anti-

1297 1766 1395 1814 quis:
1437 1763 1529 1801 'eslim
1572 1764 1633 1800 vix
1663 1767 1773 1800 ullum
1802 1764 1969 1800 delictum
2000 1776 2057 1805 ca-

1297 1818 1406 1865 pitale
1434 1815 1525 1851 fuit.
1570 1814 1681 1851 Certe
1722 1815 1744 1850 si
1788 1828 1893 1865 pauca
1921 1814 1957 1849 in
1988 1816 2056 1849 Re-

1297 1880 1374 1917 gem
1411 1875 1472 1902 aut
1509 1865 1775 1914 Rempublicam
1814 1875 1969 1915 patrata,
2016 1861 2055 1900 &

1298 1919 1434 1953 caedem
1463 1917 1600 1952 domini
1630 1926 1690 1952 aut
1716 1916 1836 1952 mariti
1860 1916 1933 1955 sui.
1959 1913 2055 1950 exci-

1298 1968 1393 2016 pias,
1431 1976 1543 2003 cetera
1579 1967 1727 2002 crimina
1764 1978 1935 2012 componere
1969 1964 2054 1999 lice-

1299 2020 1356 2054 bat
1375 2046 1385 2061 ,
1422 2018 1488 2053 hoc
1516 2017 1560 2052 est
1589 2018 1733 2064 pecunii
1773 2015 1892 2057 statuti
1919 2017 1954 2049 in
1984 2015 2054 2050 Le-

1267 2101 1268 2104 ,
1297 2070 1397 2118 gibus
1425 2067 1708 2116 redimebantur3
1746 2067 1795 2102 ita
1823 2075 1860 2101 ut
1887 2063 1948 2112 qui
1977 2068 2055 2098 Pre-

1296 2124 1452 2165 sbyterum
1479 2119 1679 2158 occidisset,
1710 2119 1783 2152 DC.
1811 2115 1962 2158 solidis,
1993 2113 2056 2162 qui

1298 2171 1511 2215 Episcopum,
1541 2170 1717 2204 DCCCC.
1746 2165 1873 2202 solidis
1902 2164 2055 2208 persolu-

1298 2222 1367 2263 tis,
1409 2222 1498 2255 liber
1532 2222 1565 2254 δε
1604 2216 1739 2254 illaesus
1779 2216 1963 2255 evaderet,
2000 2213 2054 2251 uti

1299 2271 1443 2306 habetur
1470 2271 1507 2305 in
1534 2271 1610 2318 lege
1641 2279 1718 2303 101.
1743 2266 1962 2315 Langobard.
1985 2268 2054 2301 Ca—

1297 2323 1363 2357 roli
1391 2320 1541 2370 Magni,
1571 2319 1609 2355 ὃ(
1636 2319 1671 2353 in
1695 2318 1848 2366 Legibus
1871 2315 2052 2353 Ludovici

1297 2373 1373 2407 Pii.
1412 2372 1464 2407 [ta
1502 2370 1539 2407 &
1567 2368 1756 2405 homicidia
1803 2368 1933 2403 nobilis
1962 2366 2055 2410 viri,

1296 2432 1356 2458 aut
1384 2421 1503 2458 uxans
1532 2420 1737 2458 immerentis,
1767 2429 1825 2453 aut
1852 2418 2048 2462 Sculdascii‚

1296 2472 1394 2509 five*
1413 2472 1566 2508 Aue‘i'oris
1594 2469 1695 2519 Regii
1721 2468 1790 2505 &c.
1812 2468 1849 2505 ὃς
1873 2468 2050 2504 incendia-

1577 2536 1579 2538 ·
1910 2532 2006 2560 rius,

430 2604 445 2619 ⁹
468 2603 581 2651 ,affaris
605 2602 691 2642 Rugii
713 2601 904 2641 potiusquam
928 2599 1076 2641 Amori„
1100 2597 1261 2640 legendum
1283 2594 1384 2635 placet
1408 2591 1598 2632 Du-Cangio
1621 2591 1653 2623 in
1669 2589 1799 2630 Legibus
1822 2587 1940 2624 Ludov.
1965 2588 2046 2629 Imp.

510 2644 541 2674 b<
564 2644 688 2683 quiderm
710 2642 811 2681 redle,
836 2652 868 2674 ut
892 2641 1034 2674 videtur.
