2279 3006
555 208 919 252 DISSERTATIO
960 209 1491 254 V;·GESIMASECUNDA
1507 241 1518 254 .
1765 224 1788 256 6

219 270 314 304 habeo
339 273 373 303 in
397 268 460 302 loco
486 267 533 306 θ’
559 270 593 303 in
617 270 716 314 fundo
741 269 858 304 Mallio
874 297 882 313 ,
910 280 973 304 ter·
1009 273 1044 307 A
1090 270 1232 319 1evavi3
1263 272 1400 305 Andrea
1426 270 1579 305 Notarius
1613 229 1761 306 ΐναλίξῐῒ
1772 272 1849 316 scri-

216 320 324 353 ritorio
349 319 530 364 Veroniense
543 343 554 359 ,
595 331 661 355 tam
687 333 754 354 mea
776 319 946 367 porcionem
963 348 972 364 ,
996 329 998 366 ξ
1091 323 1158 355 bere
1184 323 1323 367 rogavi,
1361 322 1393 354 in
1422 335 1483 368 qua
1508 321 1613 356 cubter
1637 322 1824 367 cmzfimnavi
1840 347 1848 360 ‚

217 382 367 416 quamque
415 378 572 416 quondam
621 371 778 406 Teovaldi
824 367 999 442 germano*
1091 371 1273 416 testibusque
1299 372 1413 404 obtulit
1440 373 1660 408 roborandam.

216 432 300 458 meo,
328 431 364 453 ut
387 419 514 455 diHum
539 421 601 462 est,
629 431 694 456 tam
714 421 798 465 casas
816 435 881 456 cum
903 423 971 455 hor—
1135 421 1260 455 Alium
1287 422 1322 454 in
1349 421 1494 456 Civitate
1520 425 1686 463 Mantua,
1720 423 1753 457 in
1781 426 1847 458 Pu-

219 479 270 508 ta,
297 471 437 516 campis,
464 473 589 512 vineis,
614 473 718 519 pratis
744 474 786 506 (9'
805 472 902 514 silvis
922 472 976 506 vel
1049 420 1056 542 Ι
1236 472 1316 505 lacio
1342 497 1610 509 ........

217 521 321 556 omnia
348 522 394 559 ἔφ’
431 522 464 556 in
492 523 634 558 omnibus
673 523 820 570 quicquid
847 523 879 557 in
905 534 976 570 pre-

215 571 303 605 diflo
338 573 400 607 Ioco
425 574 479 607 vel
520 573 605 608 inibi
629 574 748 609 circiter
772 587 809 608 ea
833 585 887 620 per
906 573 976 614 sin-

214 622 296 668 gula
322 624 411 663 loca,
453 623 499 662 ὅγ’
535 624 683 669 casalium
721 625 764 660 ad
799 625 866 671 ipsa
892 624 975 665 Casa

215 673 353 718 pertinet
378 700 387 709 .
415 701 424 710 .
451 701 461 710 .
489 700 498 710 .
535 673 581 713 &⁵
618 675 702 710 intus
742 675 888 709 Civitate
915 677 975 707 Ve-

1136 519 1210 566 Qui
1248 530 1364 556 autem
1402 524 1520 557 Franci
1565 534 1626 560 aut
1664 524 1848 559 Alamanni

1055 554 1208 618 lerant,
1245 585 1262 606 e
1299 573 1370 607 ritu
1407 573 1562 621 dignosci
1600 575 1732 615 solent,
1774 587 1845 622 quo

1090 630 1237 656 utuntur
1272 621 1310 657 in
1347 623 1595 660 donationibus
1632 634 1735 673 atque
1761 639 1847 661 ven-

1089 672 1308 708 ditionibus.
1349 676 1440 709 Nam
1483 674 1520 709 in
1562 675 1693 725 iignum
1722 674 1846 712 traditi

218 736 296 758 rona
330 724 400 769 casa
436 726 469 759 in
504 726 566 760 loco
592 749 782 760 ......
810 738 830 758 a
859 724 974 767 [sachio
1022 725 1050 759 B
1089 721 1240 758 dominii
1269 737 1307 759 ac
1337 724 1568 772 poffeffionis,
1604 727 1753 770 festucam
1791 739 1848 760 no·-

213 786 302 820 germ
328 801 337 810 .
366 801 375 811 .
401 802 411 811 .
437 803 448 813 .
480 773 656 822 poffeffiaem,
702 774 746 807 (9¹
783 773 974 817 defensatum
1087 778 1218 818 datum,
1246 775 1404 819 wasonem
1423 785 1542 819 terrae,
1571 779 1624 812 vel
1647 791 1765 812 ramum
1792 789 1846 811 ar-

212 824 336 869 fuerint
361 851 516 861 .....
550 823 697 868 Ιαηέῖιυη
724 824 781 858 bac
806 824 971 859 venerabi·
1087 821 1190 864 boris,
1230 826 1284 860 vel
1318 836 1538 873 pergamenam
1554 854 1565 871 ,
1608 829 1662 863 vel
1690 828 1845 863 calamum

217 876 279 908 lem
305 876 402 908 locum
428 876 462 908 in
482 874 657 918 subsidium
685 876 839 909 Fratrum
865 876 906 909 do
932 877 975 910 (9⁶
1085 887 1152 908 cum
1191 878 1436 919 atramentario,
1483 878 1539 913 vel
1578 879 1737 913 cultellum
1772 877 1847 916 &2:-

217 924 310 969 offiro
332 935 389 968 per
409 925 549 970 presente
574 925 730 964 Cartula,
771 938 828 972 que
857 925 974 970 supra-
1086 924 1127 960 de
1155 934 1244 961 terra
1273 928 1497 967 attollentes,
1537 929 1666 965 emtori
1694 937 1754 965 aut
1780 928 1846 964 do-

209 973 324 1019 scripte
349 983 428 1008 terre
453 1001 463 1010 .
490 1001 499 1010 .
527 1001 538 1011 .
565 1001 574 1011 .
601 977 784 1023 corporalem
804 977 867 1011 tibi
893 978 974 1012 Liu-
1087 976 1222 1011 natatio
1268 979 1475 1013 tradebant.
1517 980 1672 1016 Plurima
1700 979 1778 1015 sunt
1805 979 1842 1014 in

214 1023 330 1066 refredo
349 1025 525 1060 venerabili
551 1052 560 1061 .
588 1053 598 1061 .
626 1053 635 1062 .
663 1053 673 1062 .
699 1026 834 1072 ejusdem
854 1030 974 1061 Mona-
1086 1028 1200 1074 Opere
1236 1025 1298 1061 isto
1335 1027 1435 1073 hujus
1463 1029 1550 1064 ritus
1578 1031 1762 1078 exempla3
1791 1040 1844 1065 at-

209 1073 302 1116 sserii
326 1090 348 1109 a
369 1086 462 1122 parte
487 1077 678 1119 Monasterii
706 1077 798 1122 saHa
824 1077 885 1121 esl,
927 1077 973 1116 &¹
1086 1085 1203 1111 tamen
1231 1076 1308 1112 heic
1336 1077 1465 1112 adferre
1493 1078 1630 1114 decrevi
1653 1081 1842 1116 nonnulla.

216 1138 263 1158 rae
289 1126 400 1160 exinde
421 1127 500 1170 soris
526 1128 633 1174 expuli
660 1127 707 1166 &¹
733 1127 865 1172 absafito
891 1155 900 1164 .
927 1155 935 1164 .
964 1155 973 1164 .
1087 1129 1115 1162 E
1142 1127 1296 1163 Chartae
1319 1127 1538 1164 ferrariensis
1559 1129 1698 1176 peffime
1719 1130 1846 1166 descri-

215 1180 263 1212 θ’
299 1176 527 1219 Monasterium
562 1177 697 1221 vestrum
733 1178 887 1220 intromisi
919 1190 975 1223 per
1016 1181 1046 1215 C
1087 1186 1164 1225 ptae
1200 1179 1362 1224 exemplo
1399 1178 1482 1214 haec
1519 1179 1691 1227 excerpsl:
1734 1184 1847 1215 Petrus

213 1226 385 1271 petualiter
407 1229 638 1274 poffidendum.
664 1228 704 1262 Si
721 1242 796 1263 vero
814 1231 896 1276 quod
917 1230 972 1274 su·
1087 1227 1175 1274 Vaffo
1201 1230 1244 1263 (9⁶
1271 1228 1369 1274 Miffi)
1405 1230 1525 1264 Domni
1565 1231 1713 1277 Bulgaru
1739 1234 1845 1266 Comes

214 1286 320 1310 turum
355 1276 410 1323 effe
445 1292 506 1313 non
541 1280 626 1314 credo
640 1303 651 1319 ‚
685 1292 739 1326 ego
765 1280 829 1326 ipse
843 1307 854 1324 ‚
894 1283 974 1327 quod
1085 1281 1122 1312 de
1141 1279 1285 1314 Comiato
1302 1280 1528 1321 Cumiaclensis
1545 1282 1751 1327 apprehendit
1762 1295 1845 1328 gua·

216 1326 322 1367 absit,
346 1338 404 1362 aut
429 1330 515 1364 alius
540 1333 579 1364 cle
604 1330 769 1364 heredibus
804 1344 840 1365 ac
863 1331 974 1374 probe·
1084 1342 1162 1370 zone
1195 1331 1234 1363 de
1273 1340 1383 1373 terra,
1419 1331 1463 1364 (2⁰
1503 1330 1589 1371 misit
1625 1331 1658 1366 in
1700 1333 1845 1366 manibus

214 1377 344 1412 redibas
368 1380 444 1414 meis
459 1407 469 1423 ‚
503 1380 560 1424 seu
586 1380 727 1426 qualibet
749 1380 879 1426 persona
904 1394 975 1414 con·
1088 1380 1288 1414 Romaldelli
1305 1405 1314 1418 ,
1340 1381 1478 1415 dicens:
1503 1384 1582 1416 Ecce
1608 1385 1700 1416 trado
1725 1383 1769 1415 ad
1791 1392 1846 1425 per

213 1438 266 1462 tra
291 1428 373 1462 hanc
392 1430 517 1475 pagIna
534 1429 703 1475 offersionis
722 1443 768 1463 me
791 1430 899 1465 venire
919 1443 976 1466 aut
1084 1430 1304 1471 investituram
1329 1445 1351 1465 a
1376 1441 1406 1465 te
1429 1442 1485 1474 per
1509 1442 1541 1464 te
1556 1457 1567 1474 ,
1592 1433 1638 1465 ad
1660 1443 1846 1477 permanen-

212 1490 282 1512 eam
300 1477 480 1525 infrangere
498 1480 681 1523 conaverit,
709 1480 822 1524 inseret
839 1482 883 1516 ad
899 1493 977 1526 par·
1083 1481 1159 1513 dum
1185 1480 1219 1512 in
1245 1490 1298 1517 te,
1333 1481 1377 1513 (9‘
1402 1480 1437 1513 in
1461 1481 1574 1522 vestris
1608 1480 1773 1515 heredibus
1800 1479 1845 1519 CL*

211 1536 273 1561 tem
314 1526 412 1573 ipsius
452 1529 643 1571 :nonasterii
655 1553 666 1568 ,
707 1535 789 1576 quod
829 1533 871 1573 est
893 1542 978 1577 pena
1081 1529 1300 1572 proheredibus
1341 1529 1374 1562 in
1414 1539 1596 1575 perpetuum
1623 1532 1692 1564 (γε.
1720 1532 1847 1565 Annus

211 1578 285 1613 auri
310 1577 422 1624 optimi
446 1578 546 1612 Libre
571 1580 699 1621 decem,
738 1582 864 1626 argenti
896 1592 974 1626 pon·
1086 1578 1164 1613 heic
1191 1577 1418 1614 defideratur.
1446 1580 1657 1629 Berengario
1676 1579 1706 1616 Ι.
1722 1581 1847 1616 Italiae

212 1632 288 1663 clera
313 1631 413 1662 decem
430 1654 439 1671 ,
476 1626 523 1666 &⁴
550 1631 633 1675 quod
667 1632 836 1672 repererit,
860 1630 974 1664 vindi·
1016 1630 1049 1664 D
1089 1629 1176 1676 Regi
1204 1628 1299 1664 inter
1334 1642 1460 1677 paucos
1496 1643 1595 1666 carus
1630 1629 1701 1666 fuit
1725 1632 1848 1676 Ansel-

211 1691 280 1712 care
306 1691 368 1712 non
391 1678 524 1722 valeat,
554 1678 614 1723 sed
634 1679 758 1725 presens
781 1679 904 1725 pagina
928 1680 974 1724 os·
1087 1693 1154 1713 mus
1201 1680 1293 1714 Urbis
1336 1680 1514 1722 Veronensis
1548 1684 1680 1721 Comes,
1721 1681 1775 1717 uti
1803 1695 1847 1717 ex

208 1728 355 1773 sersionis
380 1741 444 1762 mee
469 1729 555 1762 omni
573 1739 706 1776 tempore
726 1729 886 1765 inviolata
901 1742 974 1778 per·
1089 1730 1244 1778 sequenti
1284 1730 1491 1778 Diplomate
1535 1731 1671 1779 patebit
1693 1758 1704 1776 ‚
1749 1732 1847 1780 cujus

214 1789 342 1814 maneat
389 1791 458 1813 cum
490 1778 698 1823 stipulacione
732 1780 895 1825 subnixa,
939 1783 972 1817 8<
1000 1784 1006 1826 J
1087 1780 1322 1828 apographum
1353 1780 1524 1816 vetustum
1552 1781 1589 1816 in
1624 1784 1848 1818 Nonantula-

214 1828 419 1879 bergamina
446 1842 525 1865 cum
553 1831 803 1867 atramentario
823 1831 865 1867 de
885 1833 1007 1868 terral
1055 1801 1061 1874 Ι
1087 1831 1126 1867 ni
1153 1830 1361 1867 Monasterii
1387 1830 1583 1867 Tabulario
1611 1831 1707 1869 vidi.

274 1955 498 2012 Bareng‘arii
530 1960 560 1999 I.
593 1955 730 1999 Italiae
761 1956 881 2013 Regis
913 1957 1127 2014 Diploma,
1169 1971 1236 2014 per
1265 1956 1371 2014 quod
1413 1955 1603 2000 Anselmo
1635 1956 1791 2000 Comici

419 2017 634 2059 Veronenfi
666 2018 832 2060 Curtem
863 2020 972 2060 Duas
1003 2019 1180 2060 Robores
1208 2017 1354 2070 donat,
1391 2018 1514 2058 Anno
1543 2032 1643 2071 9¹0·

261 2135 298 2167 N
321 2133 443 2168 nomine
475 2134 581 2177 sanHe
617 2133 664 2172 &⁸
701 2134 872 2170 indfvidue
896 2134 973 2170 Tri·
1013 2137 1041 2171 E
1085 2135 1251 2181 comperiat
1297 2134 1515 2179 experientia,
1556 2134 1693 2182 qualiter
1732 2131 1847 2168 dileffla

285 2184 421 2220 nitatis.
449 2185 661 2232 Berengarius
685 2186 804 2220 divina
822 2186 974 2221 ordinan-
1086 2185 1214 2230 Conjux
1228 2185 1355 2229 nostra,
1372 2185 1528 2232 nostrique
1544 2186 1564 2205 *
1581 2185 1688 2233 Kegni
1703 2184 1847 2226 consortis

212 2243 246 2268 te
270 2235 434 2270 clementia
461 2238 533 2269 Rex
548 2261 558 2271 .
589 2238 620 2280 J
622 2235 722 2277 ustum
747 2251 784 2271 ac
808 2250 974 2284 congruum
1088 2237 1249 2271 Berchtila
1284 2235 1419 2278 nostram
1453 2238 1617 2282 deprecata
1651 2235 1691 2278 est
1717 2235 1847 2270 clemen—

209 2284 294 2329 satis
327 2286 453 2320 omnino
477 2312 637 2322 .....
670 2287 866 2332 dilefh'ffime
898 2285 974 2323 Co·
1086 2288 1168 2322 tiam
1190 2298 1249 2331 pro
1265 2286 1365 2332 fideli
1390 2286 1488 2329 nostro
1515 2287 1684 2323 Anfelmo
1716 2285 1848 2332 glorioso

1088 2338 1235 2374 Comite
1247 2365 1257 2380 ‚
1275 2338 1457 2386 nostroque
1473 2337 1669 2386 Compatre
1686 2335 1725 2372 &
1747 2333 1848 2372 Con-

1088 2388 1243 2429 filiario,
1268 2388 1305 2423 ob
1324 2388 1409 2433 fidei
1432 2389 1520 2425 illius
1535 2391 1730 2438 puritatem,
1755 2399 1849 2433 quam

1083 2440 1156 2486 sepe
1194 2440 1424 2485 probavimus,
1463 2452 1501 2476 ut
1540 2441 1570 2475 ei
1594 2451 1650 2485 per
1673 2440 1729 2482 hoc
1752 2437 1848 2479 nostre

1087 2490 1292 2526 auetoritatis
1316 2517 1473 2527 .....
1495 2490 1703 2539 proprietario
1724 2489 1848 2523 nomine

1087 2545 1215 2578 Curtem
1249 2541 1338 2590 juris
1375 2542 1487 2590 Regni
1510 2543 1632 2587 nostri,
1669 2553 1730 2589 que
1758 2542 1848 2574 Duas

1724 2594 1797 2628 ‚Ro-

215 2334 334 2382 njugis
361 2335 535 2384 nostrique
563 2337 677 2386 Regni
697 2337 869 2374 consortis
891 2339 974 2374 Ber-

216 2384 329 2420 chtile
359 2387 503 2432 precibus
527 2388 625 2431 nostre
654 2389 836 2434 serenitatis
870 2403 975 2425 aurem

216 2434 350 2470 libenter
373 2443 649 2474 accommodamus.
677 2444 878 2488 Quapropter
901 2440 975 2475 uni-

216 2487 373 2530 versorum
410 2489 516 2530 [anHe
541 2493 603 2526 Des
632 2490 767 2532 Ecclesie
792 2492 973 2533 nostrorum-

215 2548 297 2584 que,
341 2539 531 2582 presentium
564 2541 687 2587 scilicet
725 2556 764 2577 ac
795 2542 974 2587 futurorum
