2279 3006
250 225 334 278 665
520 219 887 261 DISSERTATJO
932 220 1458 280 VJGESIMAQJARTA
1471 250 1484 264 .
1680 230 1765 266 666

243 283 327 318 Non
354 279 400 314 est
425 285 544 313 tamen
571 278 715 314 rudibus
749 276 796 313 iis
823 280 943 314 saecu·
988 281 1022 315 A
1067 280 1112 313 ris
1134 281 1241 324 suerat
1268 283 1430 323 dirutum,
1469 278 1662 314 innova-use.
1703 281 1834 323 johan—

193 331 237 368 lis
265 330 417 380 neganda
445 330 542 373 laus,
570 330 663 378 quod
691 341 814 376 nempe
842 329 946 368 Musi-

192 383 248 417 vis
275 379 525 420 conficiendis,
552 393 591 415 ac
619 380 789 415 tessellato
815 380 849 414 &
870 393 947 414 ver·

193 431 366 468 miculato
405 431 503 480 operi
544 428 808 480 diligenriffime
849 429 881 465 se
918 430 950 465 se

194 483 425 519 addixerunt,
455 481 528 518 Diu
554 482 601 517 est
627 482 719 528 quod
746 480 887 517 effluxit
914 494 948 516 e·

192 532 343 583 jusmodi
373 535 441 568 Ars
469 546 513 568 ex
543 533 677 569 Italicis
703 531 885 572 officinis,
921 531 950 567 i—

193 594 229 620 ta
258 594 297 620 ut
324 583 429 619 aliam
457 597 523 630 ego
551 584 682 619 Urbem
711 582 764 630 (fi
802 585 950 618 Romam

194 635 352 684 excipias
392 635 426 670 &
464 634 661 674 Venerius,
703 647 789 682 quae
830 633 951 668 nostris

195 686 414 732 temporibus
451 685 559 734 ipsam
593 687 717 720 Artem
756 695 854 718 antea
893 696 951 718 ne-

196 736 347 785 gleRam
384 747 614 775 revocarunt,
651 734 763 770 immo
799 733 953 782 superata

195 796 354 822 veterum
392 786 442 822 dil
461 787 599 835 gentia,
637 786 676 820 ad
715 786 853 819 culmen
893 798 951 820 ve-

196 837 338 873 nustatis
370 836 634 885 perduxerunt)
661 835 809 870 minime
845 836 880 870 in
919 835 951 870 1-

196 887 283 922 talia
321 885 529 933 agnoscam,
573 886 628 921 cui
671 885 817 920 studium
861 899 952 921 nunc

194 937 236 972 fit
262 937 295 971 δ(
322 935 398 971 usus
425 935 668 971 Mufivorum.
699 939 748 971 At
770 937 857 972 olim
882 939 952 971 Ro-

194 999 295 1025 mae,
324 989 531 1028 Ravennae,
560 987 780 1027 Mediolani,
808 987 952 1030 Casini,

194 1036 344 1083 aliisque
378 1037 416 1072 in
453 1038 542 1073 locis
580 1037 684 1082 periti
721 1038 757 1073 in
796 1052 834 1074 ea
863 1040 955 1073 Arte

193 1087 355 1136 Magistri
395 1100 465 1122 non
508 1087 608 1136 pauci
650 1089 951 1128 numerabantur.

194 1138 256 1186 qui
284 1138 392 1174 etiam
424 1138 594 1186 reliquere
623 1138 754 1174 eximia
781 1138 952 1186 ejusmodi

194 1188 374 1238 ρίἐῖιπεε,
408 1202 427 1225 e
464 1188 706 1225 minutissimis
744 1189 865 1226 vitreis
903 1191 951 1224 la-

194 1240 295 1289 pillis
324 1239 413 1275 varii
442 1240 571 1275 coloris
598 1238 790 1285 conflatae,
828 1253 951 1276 monu-

195 1300 337 1326 menta.
376 1291 520 1332 Diversis
555 1293 730 1335 coloribus,
767 1291 953 1338 minutisque

196 1340 311 1375 vitreis
347 1341 494 1385 lapillis,
525 1342 620 1386 fulvo
655 1355 731 1376 auro
766 1341 953 1387 superte‘lis

194 1401 283 1436 opere
310 1392 473 1436 Mausoleo
498 1392 604 1440 (lege
631 1393 763 1435 Museo,
792 1402 850 1426 aut
873 1394 950 1424 Mu-

127 1430 134 1440 i
189 1441 297 1488 fileo)
323 1452 445 1476 ornata
479 1442 612 1475 dicitur
647 1441 797 1475 Ecclesia
825 1441 951 1488 Sipon-

195 1491 269 1526 tina
307 1492 338 1524 S.
374 1489 545 1532 Iohannis
582 1489 752 1537 Baptistae
780 1504 796 1525 a
827 1490 953 1525 Sanao

192 1538 390 1577 Laurentio
426 1539 601 1585 Episcopo
636 1541 735 1574 illius
771 1539 880 1573 Urbis
916 1538 951 1571 in

194 1591 267 1639 ejus
295 1589 382 1624 Vita
410 1589 450 1622 ad
478 1588 571 1622 diem
599 1600 633 1633 7.
663 1586 842 1622 Februarii
865 1586 952 1633 apud

195 1639 430 1676 Bollandum.
457 1639 504 1672 Et
524 1650 562 1672 ea
589 1636 729 1684 quidem
754 1639 822 1672 Ars
843 1650 860 1672 a
884 1639 952 1672 Ro-

194 1689 308 1727 manis
335 1687 424 1722 olim
460 1700 573 1723 rerum
612 1687 766 1723 dominis
802 1688 953 1736 diligen-

197 1750 251 1777 ter
289 1738 451 1773 exculta.
491 1738 597 1783 Apud
639 1739 787 1774 Gorium
828 1739 951 1774 Virum

198 1789 342 1828 Clariss.
378 1788 461 1824 Lib.
499 1789 601 1836 prim.
639 1790 726 1836 Cap.
761 1791 793 1826 8.
828 1788 952 1825 Inscri-

197 1842 274 1892 ptio
305 1839 507 1874 florentina
536 1840 712 1882 occurrit,
743 1839 781 1874 in
807 1853 876 1888 qua
903 1842 952 1875 le-

197 1893 294 1943 gitur
322 1893 455 1925 camera
486 1893 647 1925 OPERE
675 1893 834 1926 MVSEO
866 1904 951 1926 exor—

199 1955 277 1979 nata
302 1969 312 1978 .
368 1940 424 1976 Est
472 1942 506 1975 δι
556 1941 630 1989 ejus
679 1941 815 1977 mentio
863 1941 952 1989 apud

198 1994 393 2041 Scriptores
432 1991 610 2027 Historiae
649 1991 857 2042 Augustae3
898 1992 953 2029 sed

199 2042 419 2091 frequentior
454 2042 586 2078 seculis
623 2041 862 2090 subsequutiS.
899 2043 954 2080 Ita

198 2097 325 2132 seculo
350 2095 414 2128 Vl.
440 2092 668 2139 Symmachus
696 2095 787 2141 Papa
811 2095 954 2129 Cantha—

200 2160 267 2181 rum
294 2147 378 2181 beati
405 2145 495 2178 Petri
520 2158 587 2179 cum
613 2144 846 2192 quadriporticu
874 2158 952 2180 mar—

198 2197 336 2231 moribus
368 2195 523 2234 ornavit,
558 2194 608 2233 &⁹
640 2209 676 2230 ex
702 2195 838 2236 Mufivo
860 2210 955 2243 agnos

199 2246 246 2286 &
273 2259 372 2280 cruces
404 2244 451 2281 &⁹
486 2246 611 2287 palmas
644 2246 795 2281 ornavit.
834 2248 956 2283 Seculo

202 2299 287 2331 VII.
319 2294 503 2332 Honorius
540 2296 677 2332 Primus
705 2296 786 2340 secie
817 2297 958 2338 absidam

203 2347 363 2387 Bafilicae
398 2348 506 2380 beatae
547 2347 688 2391 Agnetis
730 2361 770 2382 ex
808 2348 956 2386 Muh'bo.

201 2397 386 2433 severinus
411 2396 482 2444 ejus
517 2396 683 2433 successor
706 2401 877 2433 renovavit
901 2401 956 2433 ab-

195 2447 302 2489 fidam
337 2447 424 2483 beat?
457 2450 547 2481 Petri
571 2450 719 2487 Arolioli
745 2463 784 2483 ex
808 2450 956 2489 MufivO.

204 2499 343 2546 Sergius
384 2497 518 2534 Primus
561 2499 727 2535 Mzefivum
753 2527 762 2539 ,
803 2503 884 2546 quod
922 2515 959 2534 ex

199 2559 292 2596 parte
316 2549 351 2583 in
373 2550 475 2593 fronte
498 2551 598 2586 «sirii
621 2551 781 2594 Bafilicae
805 2553 958 2588 Salvato-

1068 343 1126 366 nes
1155 331 1330 379 Septimus
1358 331 1503 367 Saeculo
1531 331 1634 365 Vm.
1666 329 1752 365 fecit
1780 334 1832 365 0-

1069 381 1261 421 ratorium,
1288 381 1374 425 cujus
1401 382 1536 426 parietes
1561 380 1693 421 Musivo
1717 381 1831 426 depin-

1070 433 1116 465 xit
1133 459 1142 468 .
1181 435 1274 468 Nam
1309 432 1371 468 sub
1397 432 1549 467 Pic‘lurae
1575 431 1718 467 nomine
1746 433 1833 467 Mu-

1072 481 1139 518 slva
1176 496 1317 531 quoque
1344 496 1490 518 venere:
1529 495 1642 530 neque
1678 482 1830 531 injuria.

1072 534 1124 567 At
1160 532 1239 568 heic
1267 547 1323 569 me
1358 535 1433 569 Leo
1469 533 1685 570 Marsicanus
1721 533 1832 568 inter-

1073 584 1181 631 pellat
1207 597 1246 619 ac
1273 583 1378 624 sistit,
1413 584 1495 619 dum
1533 584 1683 632 gloriam
1721 582 1832 619 Musi-

1074 647 1196 668 vorum
1236 635 1368 669 Seculis
1410 634 1454 670 iis
1495 648 1619 682 negare
1663 634 1832 670 videtur.

1073 684 1150 732 Ipso
1179 684 1259 720 teste
1285 685 1322 720 in
1350 684 1522 721 Chronic.
1544 684 1721 721 Cafinens.
1751 684 1833 720 Lib.

1073 747 1107 782 3.
1134 737 1221 782 Cap.
1250 748 1308 783 ²9·
1344 749 1414 770 non
1442 749 1485 771 ex
1515 736 1684 771 Romanis
1717 735 1834 771 offici-

1072 786 1151 824 nis.
1189 785 1242 821 sed
1271 799 1313 821 ex
1341 786 1732 834 Constantinopolitana
1762 788 1833 821 Ur-

1073 837 1113 871 be
1142 836 1355 872 Muswarios
1383 837 1535 872 artifices
1564 837 1699 873 accivit
1737 836 1834 872 Defi-

1072 887 1186 922 derius
1214 888 1334 923 Abbas
1371 887 1586 932 Cafinenfis‚
1622 901 1729 936 quum
1768 901 1833 923 no-

1072 950 1134 972 vae
1172 937 1337 973 Bafilicae
1365 951 1381 972 a
1409 937 1442 974 se
1478 938 1652 974 excitatae
1691 939 1834 974 circiter

1071 989 1217 1024 Annum
1257 990 1416 1025 MLXX.
1456 998 1661 1024 ornamenta
1708 989 1832 1024 addere

1072 1038 1331 1074 constituisset.
1370 1041 1424 1074 En
1466 1039 1628 1088 Ejusdem
1666 1038 1830 1075 Ostiensis

1072 1089 1176 1124 verba
1203 1089 1245 1125 de
1271 1089 1397 1138 infigni
1424 1089 1492 1125 illo
1518 1091 1685 1126 Abbate:
1724 1093 1831 1136 Lega-

1071 1150 1118 1174 tos
1145 1141 1264 1175 interea
1289 1140 1593 1185 Constantinopolim
1618 1143 1661 1176 ad
1686 1141 1832 1176 locandos

1073 1190 1184 1237 (idest
1220 1190 1491 1236 conducendos,
1528 1200 1568 1226 ut
1603 1205 1623 1227 e
1660 1191 1830 1227 Varronis
1859 1197 1865 1201 ”

1071 1241 1235 1290 exemplo
1270 1241 1470 1290 discimus)
1495 1241 1632 1287 artifices
1667 1242 1830 1286 destinat,

1068 1292 1184 1336 peritos
1227 1292 1336 1339 utique
1376 1293 1411 1326 in
1450 1297 1538 1328 Arte
1577 1293 1739 1333 Mufiaria
1782 1292 1828 1330 &⁴

1071 1343 1314 1386 Quadrataria.
1349 1345 1405 1375 Ex
1436 1343 1551 1389 quibus
1583 1343 1735 1376 videlicet
1769 1342 1831 1377 alii

1070 1390 1212 1431 abfidam
1253 1391 1297 1425 (9⁶
1335 1405 1438 1426 arcum
1456 1416 1466 1431 ‚
1511 1402 1607 1439 atque
1643 1392 1834 1435 vestibulum

1071 1440 1200 1484 majoris
1226 1441 1385 1481 Bafilicae
1419 1441 1553 1482 Mufivo
1585 1453 1734 1477 comerent
1759 1441 1834 1479 &c.

1072 1489 1187 1523 Addit
1214 1488 1331 1523 infra:
1368 1493 1515 1535 ,Quarum
1540 1491 1678 1526 Artium
1704 1502 1779 1527 tunc
1802 1493 1834 1528 ei

1071 1537 1223 1578 destinati
1247 1539 1425 1587 Magistri,
1450 1540 1539 1587 cujus
1560 1542 1758 1589 perfet‘lionis
1779 1557 1834 1578 ex—

1064 1588 1209 1631 stiterint
1222 1614 1233 1629 ‚
1263 1590 1298 1624 in
1323 1603 1426 1625 eorum
1451 1591 1494 1634 est
1519 1594 1659 1639 operibus
1685 1593 1832 1636 exstima—

1072 1640 1101 1672 ri
1116 1653 1134 1682 ,·
1159 1653 1252 1686 quum
1280 1640 1326 1679 όν
1354 1641 1387 1675 in
1417 1642 1549 1683 Musivo
1574 1645 1733 1678 animatas
1766 1644 1834 1688 sere

1071 1701 1211 1725 autumet
1229 1689 1285 1736 effe
1311 1692 1437 1739 quisque
1456 1691 1639 1739 figuratas,
1668 1695 1710 1728 (9¹
1738 1708 1833 1741 quae-

1070 1754 1127 1787 que
1152 1742 1294 1775 virentia
1321 1755 1457 1786 cernere,
1495 1743 1537 1777 (9·
1564 1743 1597 1778 {n
1625 1746 1830 1780 marmoribus

1072 1791 1270 1837 vmnIgendm
1306 1792 1436 1826 colorum
1464 1792 1562 1837 flores
1595 1795 1707 1840 pulcri
1740 1806 1831 1841 puter

1071 1840 1258 1882 diuersitate
1282 1855 1433 1877 vernare.
1462 1844 1580 1878 habes
1609 1854 1768 1880 veterum
1790 1859 1831 1881 o-

1075 1905 1153 1937 pera
1180 1892 1302 1928 nostris
1331 1906 1470 1941 quoque
1506 1893 1666 1930 laudibus
1703 1895 1830 1943 digna.

1075 1943 1216 1978 Habeto
1244 1943 1349 1979 etiam
1380 1957 1496 1979 curam
1527 1945 1696 1980 eximiam
1736 1945 1832 1981 Defi-

1075 1993 1162 2028 derii
1199 1994 1374 2037 Abbatis‚
1415 1994 1476 2043 qui
1513 1996 1661 2042 quoniam
1697 1997 1833 2031 Artium

1075 2043 1203 2086 istarum
1238 2045 1399 2091 ingenium
1425 2060 1447 2080 a
1472 2046 1669 2093 ‚Quingentis
1707 2047 1749 2081 (9¹
1777 2048 1829 2081 ul—
1864 2051 1871 2053 “

1074 2105 1124 2128 tra
1145 2095 1218 2140 jam
1243 2097 1338 2130 annis
1364 2097 1515 2142 magistra
1542 2099 1706 2132 Latmitax
1735 2098 1832 2133 inter-

1075 2145 1219 2190 miserat,
1248 2147 1291 2180 &
1313 2147 1417 2188 [ludio
1439 2147 1556 2191 hujus,
1584 2148 1757 2193 inspirante
1784 2147 1831 2187 οὐ*

1075 2207 1250 2242 cooperante
1276 2199 1343 2232 Deo
1380 2197 1502 2241 nostro,
1537 2199 1590 2232 hoc
1625 2209 1757 2246 tempore
1783 2213 1832 2233 re-

1075 2258 1216 2293 cuperate
1241 2248 1432 2293 promeruit,
1459 2263 1495 2282 ne
1524 2249 1596 2290 (ane
1623 2249 1656 2283 ia
1683 2252 1769 2285 ultra
1797 2251 1830 2284 I-

1075 2297 1175 2332 tali'ae
1198 2299 1372 2344 deperiretv
1401 2298 1526 2340 studuit
1552 2300 1608 2333 vir
1633 2302 1727 2334 totius
1752 2311 1830 2347 pru-

1074 2349 1220 2391 dentiae,
1254 2349 1414 2395 plerosque
1445 2352 1484 2384 de
1505 2346 1698 2392 ‘Monasterii
1724 2351 1831 2395 pueris

1074 2399 1247 2444 diligenter
1279 2400 1390 2443 etsa'em
1416 2399 1558 2436 Artibus
1593 2402 1731 2437 erudiri.
1768 2402 1832 2448 Eia

1076 2450 1163 2484 bone
1203 2451 1304 2490 Leo,
1339 2466 1360 2486 a
1394 2453 1588 2496 Quingenti}
1617 2452 1663 2490 ἔφ’
1696 2454 1833 2499 amplius

1074 2501 1167 2534 armis
1195 2500 1422 2537 intermissam
1456 2504 1506 2538 ais
1544 2501 1763 2539 Mufivorum
1792 2501 1831 2540 &

1074 2550 1378 2589 Lithostrotorum
1408 2555 1536 2590 Artem
1548 2552 1563 2590 ἓ
1600 2555 1756 2591 Turbam
1780 2564 1835 2591 te-

1674 2603 1779 2642 stium
