2279 3006
1702 106 1771 148 vn'

209 162 453 230 regendos
490 161 720 233 Populos
734 159 908 227 grandi
951 159 1041 211 illis
1085 160 1369 226 adjumento
1406 160 1499 214 effe
1534 159 1704 231 posse.
1751 166 1832 216 Ad

207 255 282 289 eas
328 255 449 289 vero
501 237 817 290 addiscendas
864 234 987 286 nihil
1034 249 1171 286 certe
1216 236 1306 287 tibi
1358 236 1549 288 Nat-ura
1597 241 1832 302 negavit„

206 312 333 365 Non
385 314 562 364 mentis
607 311 995 381 perspicaciam,
1040 310 1175 375 cujus
1222 310 1345 362 adeo
1392 307 1681 380 frequenter
1728 328 1833 365 rum

207 387 260 437 in
306 388 599 457 quotidiano
636 385 888 443 sermone,
924 400 1028 435 tum
1067 386 1119 433 in
1163 384 1320 436 arduis
1366 385 1722 454 quaestionibus
1764 389 1834 455 in-

207 460 485 528 telligendis
534 460 799 532 specimina
846 458 1049 529 praebes
1074 479 1090 519 ,-
1143 475 1245 508 non
1300 459 1631 520 Memoriam,
1683 478 1835 528 quum

206 536 303 601 jam
348 551 544 604 praeter
590 547 860 585 maternam
901 534 1276 585 Theutonicam
1325 535 1594 597 Linguam,
1639 532 1838 586 familia-

206 624 282 659 res
318 610 408 660 tibi
454 606 671 661 effeceris
715 608 964 667 Italicam,
1003 606 1275 667 Gallicam,
1317 611 1364 659 &
1403 608 1665 672 Polonam;
1705 611 1837 662 Lati-

209 699 318 734 nam
358 700 555 752 quoque
588 700 691 732 non
728 682 868 732 lento
899 683 1051 748 gradu
1084 683 1416 750 prosequaris.
1458 681 1666 752 Reliqua
1696 700 1835 751 prae-

208 771 349 808 tereo
396 759 721 816 ornamenta,
766 758 876 808 viro
919 758 1187 823 Principe,
1233 760 1281 806 δε
1328 756 1389 806 ad
1437 759 1635 818 grandia
1677 774 1794 808 nato
1822 795 1835 817 ,

206 847 446 899 perquam
491 833 663 897 digna,
697 848 822 901 quae
859 847 942 881 aut
978 831 1069 882 tibi
1115 832 1311 895 egregia
1355 830 1583 880 educatio
1629 850 1655 884 a
1698 849 1840 902 prae·

206 903 478 957 stantiffimo
518 908 720 957 Comite
765 906 828 957 de
868 903 1212 957 XR⁷acl<.erbart
1258 903 1512 965 adhibita,
1555 907 1634 958 aut
1677 907 1837 957 bonae

206 979 384 1031 indolis
425 982 614 1032 cultura
654 995 990 1050 pepererunt.

352 1056 445 1107 Sed
494 1056 694 1126 quando
740 1055 871 1124 apud
917 1072 1005 1104 nos
1054 1053 1295 1115 versaris,
1342 1068 1397 1106 ut
1443 1071 1602 1104 mores
1643 1056 1836 1110 Italico·

203 1145 342 1188 rum,
380 1130 750 1201 amplissimique
787 1130 951 1192 Regni
994 1129 1129 1192 hujus
1167 1130 1488 1180 amoenitates
1523 1147 1580 1180 ae
1620 1129 1837 1196 magnifi-

203 1205 417 1254 centiam
443 1240 457 1263 ‚
502 1222 602 1254 non
647 1220 708 1254 ex
746 1218 834 1251 ore
877 1203 1116 1260 aliorum,
1160 1202 1241 1251 sed
1283 1204 1378 1254 tuis
1419 1203 1521 1272 ipse
1560 1208 1712 1256 oculis
1761 1205 1840 1256 ad-

201 1274 377 1324 discas:
419 1279 566 1325 liceat
609 1278 725 1325 mihi
766 1277 815 1324 in
860 1273 1096 1324 laudabile
1140 1278 1392 1328 consilium
1429 1293 1565 1330 tuum
1601 1297 1679 1331 me
1714 1296 1839 1348 -quo-

201 1364 301 1416 que
351 1348 612 1413 ingerere.
659 1353 766 1419 Jam
815 1363 893 1398 tot
936 1352 1166 1415 antiquae
1213 1352 1379 1402 ltaliae
1428 1356 1641 1422 pretiosa
1681 1354 1837 1422 splen-

199 1421 417 1491 didaque
461 1440 811 1478 monumenta,
854 1424 904 1471 in
943 1420 1081 1474 Urbe
1123 1439 1323 1475 aeterna
1362 1427 1680 1493 praesertim,
1726 1434 1838 1495 spe·

198 1495 353 1554 &astu
390 1515 415 1547 a
456 1498 692 1548 Romanis
728 1498 849 1548 olim
880 1513 1041 1546 rerum
1075 1496 1285 1547 dominis
1320 1500 1378 1550 ad
1418 1516 1504 1549 nos
1542 1503 1692 1569 usque
1725 1517 1838 1570 pro·

198 1567 347 1620 festa.
389 1573 557 1636 Quale
592 1573 648 1623 fit
691 1574 840 1623 etiam
880 1571 1148 1639 praesentis
1186 1571 1354 1621 ltaliae
1394 1571 1571 1633 decuS,
1611 1574 1841 1642 quotidie

200 1644 433 1697 intueris.
482 1647 629 1711 Qid
664 1647 696 1698 si
739 1650 787 1697 &
821 1661 915 1711 ego
956 1660 1007 1696 te
1047 1645 1286 1697 adducam
1324 1646 1385 1697 ad
1424 1646 1839 1711 dignoscendum,

200 1717 355 1784 qualis
396 1739 598 1792 quoque
637 1721 786 1772 fuerit
834 1721 1001 1771 ltaliae
1045 1717 1193 1770 facies
1235 1720 1539 1790 temporibus
1588 1724 1673 1781 iis,
1712 1739 1839 1791 quae

200 1790 456 1846 Barbarica
504 1813 636 1846 nunc
685 1794 1023 1864 appellamus?
1077 1794 1202 1845 Non
1249 1794 1568 1859 injucundum
1614 1798 1837 1865 prosefiio

200 1860 385 1924 fuerit,
435 1886 596 1939 neque
641 1869 818 1920 inutile
868 1869 989 1928 tibi,
1028 1867 1156 1920 hanc
1202 1869 1350 1919 etiam
1395 1869 1700 1921 Eruditionis
1749 1873 1840 1923 Hi·

200 1937 404 1990 storicae
460 1959 649 2009 partem
710 1942 1042 2012 perspexisse:
1097 1943 1157 1993 ea
1208 1944 1472 2014 praecipue
1521 1943 1583 1995 de
1631 1946 1792 1997 caussa
1821 1982 1835 2007 ,

201 2013 342 2083 quod
387 2014 469 2065 ubi
506 2017 689 2070 ltaliam
729 2018 1045 2087 spefi‘taveris‚
1091 2017 1359 2069 inconditis
1400 2017 1694 2088 rudibusque
1737 2037 1840 2071 mo·-

199 2087 336 2139 ribus
381 2090 502 2141 olim
546 2093 833 2153 viventem,
883 2109 983 2143 non
1035 2093 1177 2144 alium
1217 2093 1513 2145 Germaniae
1554 2108 1666 2144 tuae
1708 2094 1841 2164 aspe-

201 2164 331 2214 &um
373 2180 496 2217 tunc
534 2163 709 2227 suiffe,
746 2182 934 2218 cerrum
975 2168 1065 2219 tibi
1108 2163 1324 2221 futurum
1368 2170 1451 2220 fit.
1497 2167 1677 2220 Eadem
1714 2185 1836 2220 vero

200 2252 430 2308 tempora
478 2241 564 2309 qui
612 2258 723 2292 cum
771 2243 941 2292 nostris
990 2243 1286 2311 componit,
1332 2242 1604 2295 obleaetur
1648 2242 1836 2294 necesse

202 2314 298 2372 est,
333 2313 448 2365 dum
493 2331 679 2367 tantam
723 2331 885 2367 rerum
925 2319 1249 2369 mutationem
1285 2316 1630 2367 animadvertit
1667 2319 1716 2366 in
1755 2319 1837 2371 Li·-

201 2389 342 2448 teris,
374 2390 425 2439 in
461 2390 669 2452 Militia,
704 2393 754 2443 in
784 2390 1010 2454 ArtibuS,
1039 2392 1238 2458 aliisque
1270 2391 1507 2443 humanae
1539 2393 1668 2444 vitae
1704 2409 1837 2443 com-

1599 2466 1759 2517 modis
