2279 3006
494 185 574 268 ιε,
712 215 714 217 ·
788 211 1196 272 ANT1QJ1T.
1242 212 1474 260 MEDJJ
1515 197 1727 260 AEVI'
1914 225 1995 278 184

432 269 651 308 Marchionis
682 270 823 308 Estensis
851 273 1034 320 conjugem
1063 273 1182 320 daret,
1219 276 1253 311 A
1291 289 1332 313 ve
1357 278 1445 314 dona
1471 276 1658 312 invexisset
1682 276 1829 324 alicujus
1854 279 1961 320 belli,
1986 289 2047 317 aut

431 334 451 355 a
477 318 682 358 Comitibus
710 336 748 358 ac
779 323 980 359 proceribus
1017 323 1085 361 suis
1114 328 1182 361 Do—

428 377 471 403 na
497 372 632 419 petiisse
651 385 658 407 :

480 493 495 498 -
521 493 537 499 -
564 493 580 499 -
606 494 621 499 -
649 472 727 506 laeti
762 472 876 520 quibus
911 475 954 509 Θ·
983 476 1038 511 vir
1072 476 1118 516 &
1146 491 1181 512 u—

528 536 581 556 xor
607 522 694 557 abire

477 573 601 608 Donati
626 574 783 608 valeant:
809 589 860 610 nec
886 577 968 611 enim
999 578 1091 622 prius
1117 581 1180 613 Ira·

523 624 661 668 periales

476 674 595 708 Altera
622 687 688 708 cum
722 676 822 720 proles
849 677 1002 713 thalamos
1033 679 1180 715 Michae—

526 724 567 757 lis
595 723 727 769 adtffet,

475 774 647 820 *Quodlibet
673 776 846 813 Auxilium
871 779 1023 815 dederant
1043 807 1052 816 .
1078 802 1094 808 ·-
1121 803 1136 808 -
1164 802 1180 808 —

424 875 529 920 Quod
553 875 573 911 si
600 890 660 920 pro
683 878 802 926 aliquo
823 881 1103 918 extraordinario
1124 896 1179 918 ca-

425 925 461 960 su
493 927 647 975 principi
673 929 806 976 aliquid
831 944 849 966 a
879 933 1012 977 Populo
1041 933 1092 968 bis
1121 942 1180 968 aut

421 984 475 1012 ter
502 978 731 1025 pendebatur,
757 979 824 1016 five
849 980 1113 1029 Magistratibus
1140 996 1178 1018 ac

421 1026 601 1070 Judicibus
630 1043 647 1064 a
684 1029 857 1076 privatis,
894 1031 930 1067 id
958 1033 995 1068 in
1023 1033 1177 1069 Consue-

420 1077 578 1114 tudinem
607 1079 752 1128 abibat;
783 1091 887 1129 atque
914 1082 1084 1130 ejusmodi
1112 1085 1177 1119 tri-

420 1128 525 1169 buta,
547 1129 602 1165 seu
626 1129 768 1173 salaria,
792 1141 852 1167 aut
875 1133 986 1173 dona,
1016 1134 1073 1169 sub
1095 1138 1177 1168 Con-

412 1179 594 1224 suetudinis
628 1181 772 1216 nomine
806 1182 932 1218 exinde
960 1184 1177 1230 colligeban-

418 1238 502 1270 tur,
531 1230 670 1279 ejusque
699 1232 795 1267 vocis
824 1233 939 1268 crebra
968 1232 1012 1268 est
1040 1232 1176 1268 mentio

417 1279 455 1314 in
484 1290 641 1317 veterum
671 1283 930 1318 monumentis.
963 1285 1009 1318 Et
1036 1283 1174 1319 istarum

415 1329 493 1366 sane
524 1332 854 1372 Consuetudinum,
892 1332 960 1368 slve
991 1333 1175 1368 immorta-

414 1380 503 1416 lium
532 1396 703 1427 onerum,
743 1385 839 1418 nulla
868 1382 1004 1418 fortasse
1032 1383 1175 1419 Civitas

415 1430 486 1471 est,
515 1445 602 1477 quae
639 1433 793 1479 aliquam
835 1433 871 1468 in
909 1433 980 1468 finu
1019 1433 1077 1469 suo
1105 1447 1175 1468 non

416 1481 486 1515 alat
514 1494 552 1515 ac
580 1482 729 1517 toleret.
768 1485 892 1529 Neque
931 1483 1055 1531 ignota
1092 1483 1175 1518 haec

416 1531 559 1566 nomina
588 1532 622 1565 8<
660 1545 765 1567 onera
803 1532 984 1579 antiquis.
1023 1534 1063 1567 In
1091 1533 1114 1568 1.
1144 1545 1176 1568 2.

414 1580 459 1617 C.
488 1581 528 1616 de
556 1581 643 1624 Off‘z‘c.
670 1582 775 1625 Praef.
801 1586 906 1617 Praet.
935 1583 1042 1625 Afric.
1070 1582 1174 1618 habe-

414 1641 471 1667 tur
497 1633 625 1667 Notitia
650 1633 938 1676 Consuetudinum,
966 1646 1043 1679 quas
1068 1633 1101 1667 in
1121 1634 1175 1678 sa-

412 1696 460 1717 cro
487 1683 635 1717 laterculo
662 1684 705 1716 (9⁶
732 1683 764 1716 in
792 1683 954 1716 Praetorio
978 1694 1035 1727 pro
1061 1694 1175 1730 tempo-

412 1747 444 1767 re
474 1736 549 1767 Dux
581 1734 726 1775 praebere
751 1733 863 1767 debet.
904 1735 1027 1779 Neque
1056 1735 1174 1770 Eccle-

412 1782 539 1818 fiastica
571 1782 777 1827 Respublica
815 1782 908 1818 hisce
936 1782 1174 1821 Consuetudi-

412 1833 515 1869 nibus
546 1833 657 1868 caruit
695 1833 812 1877 olim,
850 1847 963 1881 neque
999 1848 1090 1871 nunc
1118 1849 1174 1871 ca-

412 1892 488 1919 ret.
524 1885 641 1919 Unum
671 1885 874 1923 exemplum
902 1884 948 1920 do
975 1899 1017 1921 ex
1047 1885 1174 1934 Diplo-

413 1944 508 1969 mate
553 1934 732 1970 Ludovici
781 1935 826 1969 11.
872 1936 1019 1984 Augusti
1066 1938 1174 1972 Anno

413 1986 723 2020 DCCCLxxm.
753 1985 841 2026 apud
870 1986 1098 2022 Puricellium
1135 1986 1172 2022 in

410 2035 662 2072 Monumentis
710 2035 844 2071 Basilic.
893 2036 1141 2073 Ambrofianae
1162 2064 1172 2073 .

411 2086 538 2122 Nullux
575 2086 722 2130 Pontifex
759 2086 846 2133 (ibi
884 2088 1052 2137 legitur)
1088 2088 1173 2122 ullas

410 2136 638 2178 Praestationes
658 2163 668 2179 ,
705 2137 761 2170 vel
792 2151 916 2172 annuas
952 2138 1145 2174 Donationes
1162 2165 1172 2182 ,

403 2186 464 2232 seu
490 2187 646 2234 quaslibet
673 2187 864 2234 Augurius,
900 2189 944 2223 (9¹
974 2189 1171 2235 superimpo-

405 2237 488 2279 fitas
524 2240 599 2272 Exa
609 2237 715 2271 &iones
735 2264 745 2281 ‚
782 2248 888 2272 contra
923 2252 1032 2273 morem
1069 2243 1171 2274 Cano-

411 2288 513 2322 nicum
534 2312 543 2326 ,
578 2287 651 2328 five
687 2289 877 2335 Regularem
915 2290 1172 2330 Constitutionem

404 2339 652 2386 superimponere
679 2349 735 2373 aut
766 2340 885 2385 exigere
911 2341 1049 2375 audeat.
1087 2340 1172 2387 Eju-

412 2387 525 2424 smodi
563 2392 647 2424 νετὸ
675 2388 955 2426 consuetudines
992 2390 1171 2439 antiquio-

410 2439 504 2475 ribus
545 2440 677 2475 seculis
719 2441 910 2488 appellatae
947 2442 1053 2476 eti-am
1097 2440 1171 2476 fue-

408 2498 492 2524 runt
515 2489 709 2530 occasiones,
730 2490 822 2535 quod
850 2491 1018 2527 videlicet
1042 2505 1081 2527 ea
1107 2491 1170 2526 tri-

411 2539 518 2584 buta,
539 2548 598 2575 aut
618 2539 798 2589 angarias,
824 2550 882 2577 aut
909 2541 1102 2590 sportulas,
1130 2540 1170 2578 sl-

1289 330 1448 373 publicae
1469 326 1699 372 neceffitatis‚
1724 339 1783 364 aut
1804 330 1951 378 alicujus
1972 331 2045 367 ini-

1287 379 1435 426 quitatis
1462 377 1603 418 Occasio.
1632 379 1834 416 Ludovicus
1861 383 1941 417 Pius
1968 383 2044 418 Au-

1287 430 1398 478 gustus
1424 430 1460 465 in
1487 432 1581 477 Lege
1604 440 1661 474 37.
1685 431 1904 479 Langobard.
1929 435 1968 466 de
1993 433 2045 467 in-

1282 481 1398 525 justis,
1426 480 1497 519 ait,
1524 478 1735 516 Occasionibus
1762 479 1808 518 (ῥ’
1834 482 2042 526 Consuetudi-

1287 532 1377 566 nibus
1413 531 1536 565 noviter
1574 529 1727 569 institutis
1746 557 1756 574 ‚
1789 531 1869 572 sicut
1905 533 2044 568 Tributa

1282 581 1381 625 sunt,
1418 580 1464 620 &⁹
1492 581 1626 615 Tolonea
1663 579 1696 613 in
1732 582 1834 616 media
1864 583 1948 625 via,
1984 582 2043 618 ubi

1286 646 1337 666 nec
1362 646 1465 678 aqua,
1493 645 1545 665 nec
1569 632 1662 676 palus
1678 656 1688 673 ‚
1716 644 1769 665 nec
1793 643 1870 677 pons
1886 659 1896 675 ,
1925 646 1976 666 nec
2001 648 2039 668 a·

1285 683 1391 728 liquid
1417 683 1481 717 tale
1503 681 1602 725 fuerit
1619 708 1628 723 ,
1664 683 1747 715 unde
1768 680 1852 727 juste
1881 682 1985 725 census
2010 696 2042 717 e-

1285 733 1354 779 xigi
1381 734 1488 778 poffit,
1516 742 1551 766 ut
1577 732 1782 775 auferantur,
1810 731 1881 770 effe.
1909 734 2040 768 Occur-

1285 783 1332 819 rit
1368 784 1486 819 eadem
1516 795 1586 817 vox
1623 781 1659 817 in
1697 781 1777 817 aliis
1814 782 2038 830 antiquorum

1287 836 1419 884 Regum
1455 833 1598 870 Chartis
1634 845 1672 867 ac
1709 832 1925 879 Scriptorum
1964 846 2041 868 mo-

1286 883 1488 921 numentis.
1526 886 1692 918 Veterum
1722 896 1860 931 quoque
1888 884 2040 920 Tributa

1285 949 1323 971 ac
1345 933 1543 975 Vefflgalia
1564 933 1754 980 saepiffime
1777 934 2038 974 Redhxbhioun,

1283 987 1432 1021 Publicus
1452 988 1525 1019 Fun
1535 984 1663 1027 mones,
1685 984 1894 1027 Exaeliones,
1914 982 1952 1019 ἃ
1973 987 2039 1019 Pu-

1283 1037 1365 1072 blica
1393 1036 1460 1071 five
1489 1035 1669 1070 Publicus-ia
1706 1033 1881 1070 interdurn
1920 1036 2037 1082 appel*

1283 1088 1353 1123 lata
1381 1085 1565 1130 invenies,
1602 1085 1655 1121 uti
1692 1086 1726 1120 8<
1760 1083 1949 1132 aliquando
1977 1085 2038 1119 Fi-

1282 1137 1378 1177 scalia
1412 1138 1446 1172 &
1481 1136 1646 1183 Regalia.
1683 1135 1776 1183 quod
1814 1136 1888 1183 jura
1924 1134 2039 1170 forent

1282 1185 1349 1221 five
1376 1187 1529 1222 Tributa
1557 1186 1598 1221 ad
1635 1185 1773 1221 Fiscum
1810 1184 1879 1220 five
1908 1187 2038 1234 Regem

1282 1234 1497 1282 spefi‘cantia.
1528 1236 1653 1278 Impofte
1680 1236 1721 1271 ab
1750 1234 1887 1271 Italicis
1914 1235 2039 1271 dieun-

1281 1295 1367 1334 tur;
1406 1285 1472 1320 hoe
1499 1285 1544 1319 est
1572 1285 1756 1332 angariae,
1794 1284 1952 1324 tributa,
1982 1285 2040 1322 seu

1280 1349 1386 1371 onera
1414 1334 1596 1384 impolita:
1627 1347 1694 1380 qua
1722 1335 1878 1374 ratione,
1906 1345 1947 1370 ut
1973 1335 2040 1371 ali—

1281 1384 1316 1420 bi
1345 1385 1496 1427 monui,
1523 1384 1560 1419 in
1589 1384 1699 1430 pabiis
1727 1385 1948 1421 locationum
1977 1385 2039 1421 fie-

1280 1435 1309 1470 ri
1339 1434 1588 1480 prohibebatur
1615 1433 1758 1479 quaevis
1787 1435 1856 1469 alia
1885 1436 2040 1480 superim-

1280 1485 1402 1531 poſsm,
1421 1483 1503 1520 idest
1528 1496 1637 1524 onus.
1663 1482 1731 1518 five
1756 1483 1949 1519 tributum.
1975 1487 2040 1520 Su-

1280 1548 1339 1580 pra
1364 1533 1519 1570 detestati
1545 1532 1676 1568 fuimus
1710 1533 1857 1581 impiam
1883 1536 2037 1582 Legem,

1280 1585 1347 1620 five
1372 1582 1695 1620 Consuetudinem,
1720 1596 1806 1630 quae
1830 1584 1955 1619 nedum
1982 1585 2038 1620 in-

1281 1645 1332 1670 ter
1359 1633 1488 1670 Christi
1527 1632 1735 1676 1'e&atores‚
1775 1632 1828 1668 sed
1865 1648 1907 1669 ne
1944 1635 2037 1672 inter

1280 1685 1441 1720 homines
1466 1683 1608 1731 quidem
1634 1683 1701 1718 line
1724 1682 1949 1719 detestatione
1973 1698 2039 1720 no-

1282 1736 1446 1771 minanda
1482 1734 1597 1769 foret:
1637 1732 1703 1768 hoc
1731 1734 1802 1775 est,
1841 1733 2038 1784 Naufrago-

1279 1800 1354 1821 rum
1384 1786 1473 1820 bona
1512 1784 1552 1819 ad
1590 1783 1674 1819 litus
1703 1784 1811 1831 eje8ta
1850 1784 1949 1820 Filco
1977 1785 2037 1821 ad-

1280 1837 1431 1884 judicata
1460 1835 1582 1870 fuisse.
1617 1834 1792 1870 Additum
1821 1834 1898 1870 heic
1927 1837 2036 1881 volo,

1281 1886 1464 1922 nefandum
1495 1884 1663 1932 ejusmodi
1703 1885 1798 1920 usum
1838 1885 2036 1933 posteriori—

1281 1938 1341 1973 bus
1369 1936 1520 1972 saeculis
1547 1934 1762 1982 potiffimum
1787 1935 1971 1972 invaluisse
1997 1936 2035 1972 in

1280 1987 1413 2036 Anglia
1441 1996 1544 2033 atque
1577 1986 1614 2020 in
1646 1989 1766 2035 Regno
1794 1986 1958 2025 Siciliae,
1995 1995 2035 2022 ut

1279 2038 1347 2073 alia
1375 2039 1451 2073 loca
1479 2036 1670 2072 omittam.
1708 2039 1761 2072 Εὸ
1797 2036 1946 2072 humana
1973 2050 2033 2073 cu-

1282 2088 1410 2134 piditas
1447 2086 1611 2126 devenit,
1649 2096 1688 2122 ut
1714 2087 1860 2122 Carolus
1887 2086 1914 2122 I.
1945 2087 2034 2123 Sici-

1280 2139 1347 2174 liae
1376 2141 1450 2173 Rex
1478 2151 1520 2173 ne
1548 2136 1781 2172 Genuenfibus
1808 2137 1949 2183 quidem
1978 2138 2034 2173 in·

1280 2189 1496 2237 dulgentiam
1520 2186 1745 2225 praestiterit,
1765 2187 1824 2232 qui
1855 2187 1954 2222 classe
1974 2187 2032 2224 sua

1280 2241 1388 2274 Anno
1409 2240 1632 2275 MCCLxx.
1653 2236 1712 2271 fibi
1726 2264 1734 2278 ‚
1753 2236 1790 2272 δε
1812 2237 1937 2273 §aneio
1956 2239 2032 2274 Lu-

1279 2290 1408 2325 dovico
1436 2289 1600 2325 Franciae
1630 2286 1714 2335 Regi
1744 2287 1842 2322 fratri
1872 2287 1956 2328 suo,
1992 2288 2031 2324 in

1279 2339 1456 2375 obsidione
1492 2342 1675 2375 Tunetana
1714 2336 1850 2372 fidelem
1889 2352 2031 2380 operam

1279 2399 1473 2432 navarant.
1509 2399 1612 2435 atque
1639 2387 1675 2422 in
1703 2388 1808 2424 litore
1842 2388 1961 2424 Siculo
1990 2403 2031 2425 u·

1279 2455 1322 2476 na
1358 2455 1435 2476 cum
1472 2439 1591 2487 Regiis
1627 2438 1774 2474 navibus
1809 2438 2030 2488 naufragium

1280 2491 1421 2539 perpeffi
1458 2490 1573 2526 fuere.
1615 2488 1904 2524 Abominandum
1942 2489 2030 2525 faci-

1280 2555 1341 2578 nus
1371 2549 1510 2578 narrant
1537 2539 1693 2578 Annales
1720 2539 1935 2625 Genueusesf
1946 2539 2030 2576 Caf—

1933 2603 1983 2628 ar}
