2279 3006
441 224 522 263 203
714 206 1144 264 ANTIQJJJT.
1196 208 1445 252 MEDJJ
1487 209 1676 253 AEVJ
1871 228 1955 269 204

383 277 474 300 overo
501 268 526 301 il
551 267 681 314 volgare
709 266 906 302 Meno-valdo
925 268 987 301 alle
1013 269 1144 308 Danae,
1178 270 1210 304 A
1243 269 1363 313 fuerim
1386 269 1455 312 filii
1482 270 1642 315 legitimi,
1670 270 1716 309 &¹
1735 270 1807 315 filii
1830 275 2009 313 naturales,

383 318 508 362 quando
533 316 560 352 ,ς’
577 318 743 363 obbligano
771 317 804 349 in
831 317 923 351 alcun
960 329 1112 352 contremo
1125 331 1145 360 ,-

382 380 398 401 e
419 368 459 412 fu
485 369 588 403 buona
615 383 630 402 e
653 368 757 413 giusta
785 370 914 414 Legge.
942 370 1062 414 Quum
1086 382 1143 404 ve-

382 421 421 454 rb
449 419 601 455 nubebat
629 416 735 453 alicui
764 416 919 458 femina,
962 433 1031 454 non
1061 433 1142 455 con-

383 468 486 505 tinuo
514 469 640 507 fiebat,
670 477 709 503 ut
737 469 793 504 vir
819 471 995 505 Munaium
1024 471 1142 506 uxoris

384 519 674 569 consequeretur3
714 518 768 555 sed
805 533 890 569 opus
932 531 1005 557 erat
1033 531 1070 557 ut
1099 522 1142 557 il—

382 571 466 615 lud,
507 580 544 606 ut
573 570 622 605 ita
650 570 785 610 dicam,
823 582 951 608 emeret
989 586 1006 608 a
1036 575 1142 608 Mun-

383 621 511 657 dualdo
540 620 669 668 priori,
698 621 766 656 five
789 621 820 657 is
842 633 959 670 pater.
987 623 1054 658 five
1076 623 1142 658 fra-

383 681 457 711 ter,
497 681 556 707 aut
585 671 673 707 alius
701 682 844 720 agnatus
873 674 993 710 uxoris
1031 675 1141 723 effct;

383 732 488 770 atque
515 722 553 758 in
581 735 656 758 eam
684 736 756 758 rem
785 724 935 769 pretium
977 726 1142 760 concordi

383 775 568 809 voluntate
596 773 748 821 partium
784 773 1014 811 statuebatur.
1062 778 1142 811 Pre-

383 824 476 860 tium
532 823 731 873 hujusmodi
777 827 871 860 Meta
896 854 906 869 ‚
951 827 1142 871 Mepbium,

384 875 547 910 Methium
573 875 785 924 appellatum
815 876 933 913 videas
969 878 1006 913 in
1037 877 1142 925 Legi-

385 926 447 961 bus
499 925 774 975 Langobardicis
801 940 810 961 ε
866 941 971 975 quam
1018 941 1142 964 vocem

384 976 630 1025 Gloffographi
664 978 863 1011 donationem
901 979 1143 1024 sponsalitiam,

383 1029 438 1061 vel
489 1028 662 1074 nuptialem
707 1026 983 1076 interpretantur
1006 1056 1016 1065 .
1068 1032 1144 1077 Ego

378 1078 602 1125 sponsalitiam
628 1077 745 1125 potius
772 1079 949 1116 arbitror:
981 1093 1060 1115 nam
1092 1079 1146 1115 uti

384 1131 463 1165 Lex
504 1131 584 1176 178.
620 1129 654 1164 &
692 1128 897 1177 subsequens
940 1131 1045 1177 Regis
1075 1133 1145 1165 Ro-

383 1179 493 1215 tharis
521 1178 656 1215 indicat
675 1204 685 1218 ‚
713 1192 784 1226 quo
812 1180 868 1214 die
895 1180 1063 1225 sponsalia
1091 1192 1146 1214 ce-

384 1231 624 1270 lebrabantur,
653 1232 746 1264 Meta
768 1243 907 1278 quoque
928 1229 1051 1271 statui,
1077 1228 1146 1264 sae-

385 1279 521 1329 piffime
548 1280 655 1316 etiam
685 1279 834 1328 persolvi
858 1279 1061 1316 consuevit.
1083 1279 1145 1315 Sed

384 1332 479 1378 quod
524 1331 553 1367 ii
580 1330 808 1368 donationem
836 1340 995 1373 vocant,
1041 1331 1146 1365 liceat

384 1381 492 1416 etiam
536 1383 710 1428 appellare
755 1381 922 1417 emtionis
974 1379 1146 1428 speciem;

384 1443 466 1465 nam
495 1440 533 1465 ut
560 1432 754 1466 Martinius
783 1430 820 1467 ὅ(
850 1430 988 1466 Voffius
1011 1430 1148 1478 opinati

386 1480 485 1523 sunt,
525 1492 595 1515 vox
623 1483 741 1523 Meta,
784 1483 818 1515 &
847 1482 1008 1515 Methium
1045 1493 1062 1514 a
1091 1481 1147 1514 Sa-

386 1530 518 1567 xenico
547 1533 666 1564 Mede„
694 1530 846 1566 conflata
868 1530 1028 1564 videtur:
1057 1529 1148 1576 quod

385 1582 430 1617 est
458 1583 589 1616 mercede
615 1582 776 1615 conducere
793 1607 802 1615 .
843 1580 906 1616 Sed
944 1578 1014 1615 five
1040 1579 1148 1615 dona-

385 1633 440 1668 tio
468 1632 536 1668 sive
564 1631 677 1667 emtio
705 1631 839 1670 fuerit,
879 1634 974 1665 Meta
1001 1630 1084 1666 haec
1111 1631 1146 1665 in

384 1684 504 1718 dotem
533 1681 692 1717 mulieris
715 1681 833 1715 cedere
855 1680 1059 1725 consuevit,
1081 1680 1147 1717 five

385 1733 421 1769 id
451 1733 636 1767 secundum
666 1733 758 1780 leges
787 1731 901 1776 foret,
929 1731 997 1767 five
1018 1746 1059 1767 ex
1081 1733 1147 1767 lar-

385 1783 523 1832 gitione
560 1782 690 1830 patris,
737 1781 909 1822 fratrum,
951 1783 1148 1818 aliorumve

385 1844 591 1881 agnatorum
621 1831 740 1868 fieret.
777 1833 883 1878 Quod
912 1832 933 1868 s1
963 1833 1149 1869 decedebat

383 1885 461 1923 vir,
504 1883 668 1932 pergebat
697 1882 801 1918 vidua
829 1884 894 1919 effe
920 1883 959 1919 in
987 1886 1147 1923 Mundio,

384 1934 452 1969 five
490 1933 550 1969 sub
595 1933 759 1978 potestate
788 1933 910 1974 illius,
947 1934 1009 1982 qui
1051 1934 1146 1969 heres

384 1984 515 2020 marito
552 1993 645 2019 erat.
689 1985 753 2018 Illa
794 1987 877 2021 verb
918 1985 960 2020 ad
1001 1984 1146 2020 secunda

387 2044 471 2070 vota
514 2033 741 2077 transeunte,
785 2035 950 2071 secundus
977 2036 1145 2079 maritus,

386 2086 407 2121 si
439 2085 628 2120 Mundium
668 2084 787 2120 uxoris
815 2086 910 2121 suum
950 2085 1060 2121 facere
1087 2099 1145 2122 cu-

387 2136 533 2185 piebat,
561 2145 599 2170 ut
627 2134 672 2170 est
699 2135 735 2170 in
764 2137 859 2185 Lege
904 2140 983 2173 182..
1014 2136 1146 2172 Rotha-

386 2188 454 2226 ris,
481 2187 519 2220 de
540 2186 609 2230 suis
633 2186 768 2232 propriis
796 2189 884 2221 rebus
910 2187 1046 2221 medium
1076 2198 1146 2234 pre-

386 2239 448 2281 tii,
475 2248 628 2284 quantum
650 2237 749 2280 suerit
767 2237 907 2280 diflum,
935 2239 1059 2283 quando
1080 2251 1146 2272 eam

383 2289 502 2335 primus
530 2288 663 2322 maritus
686 2287 872 2333 sponsavit,
896 2298 952 2334 pro
979 2288 1048 2332 Ipsa
1072 2291 1146 2322 Me-

386 2350 441 2382 ta,
468 2340 542 2373 dare
568 2339 697 2373 debebat
723 2337 776 2381 ei,
804 2338 859 2384 qui
884 2340 968 2372 heres
987 2339 1147 2385 proximus

385 2389 494 2424 mariti
517 2389 629 2436 prioris
657 2386 714 2434 effe
755 2388 997 2424 inveniebatur.
1040 2388 1146 2426 Hisce

386 2439 503 2487 positis
532 2438 683 2481 ree‘tius,
721 2440 825 2486 quam
863 2439 952 2475 olim
980 2439 1144 2480 fecerim.

385 2489 629 2537 explicandam
658 2488 756 2524 sumo
784 2492 916 2538 Legem
962 2491 1043 2526 161.
1075 2492 1142 2525 Ro-

385 2538 518 2578 theris,
559 2540 656 2586 cujus
691 2539 775 2576 haec
811 2540 892 2576 sunt
933 2541 1063 2577 verba:
1105 2539 1145 2574 Si

1248 321 1290 354 δ’
1321 323 1436 365 sorores
1475 331 1540 354 tam
1567 321 1754 366 legitimae,
1791 325 1885 369 quam
1914 335 2008 358 natu—

1248 372 1350 413 rales,
1391 384 1446 418 pro
1484 372 1623 404 Maudio
1663 385 1764 406 eorum
1800 375 1916 408 tollant
1934 374 2009 418 filii

1246 423 1325 456 duas
1350 433 1477 468 partes,
1505 422 1664 455 naturales
1690 426 1762 456 verb
1782 425 1907 458 tertiam
1931 437 2006 468 par-

1246 483 1326 507 tem.
1354 473 1459 518 Quod
1489 472 1662 507 noluerim
1689 474 1863 509 variantes
1884 487 2005 510 omnes

1247 523 1415 558 leotiones
1451 522 1601 558 Codicis
1641 523 1783 559 Estenhs
1810 524 1846 559 in
1875 525 2004 560 editio—

1247 587 1324 608 nem
1364 577 1498 622 Legum
1536 574 1878 622 Langobardicarum
1912 577 2002 611 Part.

1248 626 1292 659 11.
1321 626 1430 660 Tomi
1474 626 1519 659 II.
1551 627 1628 659 Rer.
1668 625 1821 660 Italicar.
1849 625 1977 661 inferre
1995 652 2004 669 ‚

1246 675 1356 710 adhuc
1385 678 1461 711 Lex
1489 674 1548 710 ista
1575 675 1820 711 emendat-ione
1847 675 2003 724 indiget.

1248 728 1329 760 Non
1351 739 1452 760 eorum
1473 725 1689 761 scribendum
1710 725 1774 764 est,
1796 726 1850 761 sed
1871 740 1974 761 earum
1984 740 2005 768 ‚-

1247 789 1356 823 neque
1402 777 1496 812 enim
1547 778 1722 811 NIcmdium
1772 776 2003 812 masculorum

1247 826 1335 866 fuit,
1364 826 1418 862 sed
1447 826 1675 862 feminarum.
1703 829 1750 862 Et
1778 826 1855 863 sane
1882 829 1920 862 in
1946 840 2006 862 eo-

1247 880 1324 913 dem
1362 877 1494 913 Codice
1546 878 1670 913 Estenfi
1712 887 1830 925 aperte
1875 878 2006 926 legitur

1245 940 1299 975 pro
1339 929 1478 962 Mzmdio
1504 942 1626 963 earum.
1665 928 1875 963 Adhibenda
1917 941 2006 975 quo-

1246 992 1313 1025 que
1356 978 1400 1014 est
1427 979 1543 1014 eadem
1586 979 1757 1014 correfflio
1786 978 2005 1025 praecedenti

1248 1029 1337 1078 Legi
1369 1033 1449 1066 160.
1479 1030 1538 1064 ubi
1567 1031 1717 1077 legitur:
1762 1032 1824 1063 Pro
1866 1028 2006 1062 Mundio

1246 1091 1349 1114 autem
1393 1081 1509 1114 tollant
1554 1081 1715 1115 naturales
1761 1078 1833 1117 &a
1878 1077 2004 1114 Codex

1247 1130 1413 1166 Exstenfis
1442 1130 1588 1177 praefert
1606 1158 1615 1173 ‚
1654 1143 1710 1177 pro
1738 1130 1876 1164 Mundio
1901 1140 2006 1164 autem

1175 1169 1212 1206 C
1241 1179 1524 1226 suprascriptarum
1563 1181 1680 1215 tollant
1707 1180 1778 1219 &a
1820 1179 1903 1215 idest
1944 1181 2006 1214 So-

1247 1241 1385 1263 rorum.

1299 1281 1350 1314 At
1379 1277 1507 1314 mirum
1538 1278 1604 1314 tibi
1641 1280 1824 1322 videatur,
1861 1279 2007 1315 maritos

1248 1329 1289 1364 ad
1331 1329 1609 1375 conquirendum
1651 1329 1713 1364 fibi
1756 1343 1905 1366 uxorum
1935 1330 2010 1366 sua-

1248 1391 1323 1413 rum
1371 1380 1545 1413 Mundium
1585 1380 1736 1428 erogasse
1788 1381 1970 1427 pecuniam
1998 1407 2008 1417 .

1247 1428 1375 1463 Mirari
1403 1427 1531 1463 defluas
1549 1452 1558 1466 ‚
1588 1430 1647 1463 ubi
1676 1431 1868 1476 recogites,
1915 1443 2008 1465 nunc

1238 1481 1354 1514 ‘etiam
1399 1477 1570 1526 plerisque
1612 1478 1649 1513 in
1690 1479 1779 1514 locis
1817 1479 2008 1514 familiares

1248 1529 1311 1564 effe
1353 1528 1560 1563 donationes
1602 1527 1716 1563 caussa
1756 1529 1960 1577 nuptiarum
1989 1543 2008 1565 a

1250 1580 1334 1615 viris
1362 1578 1488 1614 faS’tas.
1518 1580 1632 1613 Immo
1659 1580 1692 1612 &
1721 1579 1810 1626 apud
1836 1579 2008 1628 antiquis-

1249 1629 1349 1665 simos
1380 1630 1532 1677 Populos
1559 1628 1595 1664 in
1625 1628 1684 1663 usu
1713 1628 1837 1668 fuiffe,
1875 1640 1913 1664 ut
1953 1631 2009 1666 vir

1250 1680 1390 1716 mulieri
1419 1684 1536 1715 dotem
1566 1679 1816 1719 constitueret,
1859 1688 1918 1714 aut
1947 1681 2009 1714 do-

1249 1745 1333 1766 num
1376 1744 1437 1778 pro
1479 1729 1536 1765 sua
1579 1730 1784 1765 conditione
1812 1729 2009 1766 decentiffi-

1251 1795 1344 1817 mum
1374 1780 1548 1816 conferret
1566 1808 1575 1822 ,
1617 1780 1781 1815 discimus
1809 1794 1826 1815 e
1855 1780 2010 1817 sacratis-

1250 1832 1343 1868 fimis
1371 1831 1499 1867 veteris
1527 1830 1743 1866 Testamenti
1773 1831 1892 1867 Libris
1910 1859 1919 1875 ‚
1956 1841 2010 1867 at-

1250 1897 1318 1930 que
1358 1896 1376 1917 e
1413 1881 1567 1931 profanis
1609 1881 1844 1929 Scriptoribus
1873 1885 2008 1918 Home-

1251 1947 1311 1975 ro,
1341 1933 1521 1971 Diodoro,
1550 1946 1588 1968 ac
1617 1932 1717 1971 aliis,
1746 1946 1833 1980 quos
1855 1946 2009 1968 comme-

1252 1997 1385 2019 morare
1422 1983 1513 2018 nihil
1542 1997 1628 2030 opus
1656 1983 1719 2018 est.
1765 1983 1887 2018 Ritum
1915 1983 2008 2018 hunc

1251 2037 1388 2070 Turcae
1415 2033 1526 2069 adhuc
1554 2034 1758 2069 observant.
1786 2036 1902 2078 Quare
1931 2046 2008 2068 mu-

1251 2086 1372 2120 lierem
1401 2098 1460 2132 per
1488 2085 1672 2131 quamdam
1702 2083 1909 2118 coe'mtionis
1934 2083 2007 2131 spe-

1252 2136 1341 2171 ciem
1371 2135 1576 2182 conquirere
1611 2135 1672 2169 fibi
1700 2132 1756 2167 vir
1798 2133 1983 2169 videbatur
1996 2161 2008 2175 ,.

1253 2186 1445 2221 Secundum
1493 2187 1624 2232 Legem
1652 2183 1800 2219 salicam
1832 2184 1935 2227 solido
1963 2183 2008 2222 όν

1251 2237 1379 2271 denario
1406 2235 1671 2281 desponsabatur
1698 2233 1849 2272 femina,
1877 2233 1943 2269 hoc
1965 2234 2010 2270 est

1254 2285 1429 2335 persoluto
1458 2286 1589 2334 pretio,
1618 2284 1710 2331 quod
1739 2284 1775 2318 in
1807 2283 1905 2319 illius
1947 2284 2010 2320 do-

1253 2347 1322 2372 tem
1362 2337 1647 2373 convertebatur,
1691 2342 1750 2369 aut
1791 2333 1828 2369 in
1870 2334 1922 2383 jus
1951 2348 2010 2382 pa-

1254 2398 1389 2423 rentum
1418 2385 1599 2423 tranfibat.
1640 2385 1697 2419 Ad
1735 2384 1818 2420 haec
1854 2398 1872 2420 e
1899 2387 2009 2421 lVIun-

1253 2438 1313 2473 dio
1341 2438 1401 2473 fibi
1430 2445 1630 2484 comparato
1657 2437 1809 2470 multum
1839 2436 2009 2471 utilitatis

1254 2499 1428 2535 reportare
1453 2495 1613 2536 poterant
1641 2485 1733 2522 viri.
1778 2488 1869 2521 Nam
1912 2487 2010 2522 dece-

1255 2540 1416 2576 dentibus
1469 2532 1636 2574 uxoribus
1687 2536 1758 2586 post
1803 2536 2009 2623 ac‘ffiifimm

1898 2599 1961 2622 un-
