2279 3006
244 241 325 281 205
525 221 1030 266 DISSERTATIO
1078 224 1468 268 VIGESIMA.

1667 237 1749 271 206

180 285 370 320 Mundium
407 279 476 317 fine
512 282 618 321 filiis,
656 280 782 317 Mariti
819 280 938 316 secun—
972 285 1004 318 A
1051 282 1184 318 eosdem
1214 294 1422 330 componat.
1452 284 1588 320 Viduae
1616 291 1698 322 vero
1723 289 1808 323 lice-

180 335 261 368 dum
291 335 402 377 Leges
429 332 674 368 succedebant.
701 332 961 379 Liutprandus=

181 386 264 420 Lib.
286 395 319 418 2.
341 384 436 429 Lege
458 386 489 419 8.
517 385 556 418 Si
583 395 685 418 autem
711 382 874 428 contigerit
897 383 938 415 il-

180 435 245 469 lam
272 435 371 476 mori,
399 447 476 479 quae
500 434 567 478 jam
597 435 710 478 nuptui
733 433 855 467 tradita
874 438 938 475 est,

179 494 254 518 tunc
280 485 336 517 ille
360 484 391 517 ei
417 485 575 526 succedat,
603 486 657 532 qui
677 497 743 519 eam
760 494 816 530 per
836 486 937 518 Mun-

179 536 269 569 dium
290 535 382 579 suam
406 536 506 578 fecit.
548 535 587 571 In
625 534 772 570 Hem-ici
800 547 939 581 quoque

181 585 294 620 Primi
345 585 492 634 Augusti
537 588 633 634 Lege
676 585 940 632 Langobardica

182 635 409 671 constitutum
451 635 542 680 fuit,
580 646 619 672 ut
655 637 743 670 uxori
770 635 832 673 line
854 635 939 678 filiis

178 688 336 722 amborum
370 687 529 721 decedenti
571 687 627 722 vir
661 700 703 721 ex
732 686 797 721 affe
825 686 939 720 succe-

178 737 294 772 deret.
324 739 459 773 Fratres
486 737 615 778 etiam‚
643 747 682 771 ut
711 750 818 783 nuper
847 736 939 770 vidi-

178 799 278 829 mus,
300 798 440 835 propter
461 787 649 823 Mundium
671 789 834 822 Sororum
858 799 938 833 por-

177 837 314 873 tionem
362 837 564 874 hereditatis
611 847 771 885 paternae
822 837 936 885 capie-

178 889 282 924 bant.
319 888 425 932 Quod
461 888 483 922 fi
525 887 602 935 quis
643 886 836 922 B‘lulierem
877 898 936 923 aut

176 937 425 980 interimebat,
472 948 530 973 aut
558 937 738 981 laedebat,
792 948 852 973 aut
880 952 936 974 ca·
967 983 970 986 Ι

176 988 311 1023 Ιυπιηίἒι
337 990 543 1035 appetebat,
581 998 640 1023 aut
677 989 714 1023 in
743 988 936 1025 sacramen-

175 1047 252 1073 tum
292 1037 477 1083 mittebat,
521 1052 631 1085 poena
674 1053 732 1075 reo
774 1040 935 1087 imposita

175 1089 352 1137 pendenda
380 1099 453 1124 erat
480 1088 546 1128 iis,
574 1092 617 1124 ad
652 1104 725 1137 quos
762 1092 936 1125 Mundium

175 1141 214 1174 de
248 1153 284 1174 ea
317 1139 519 1186 pertinebat.
562 1140 647 1176 Alia
696 1142 960 1179 emolumenta.

1053 333 1110 366 bat
1138 334 1262 376 alteri,
1290 336 1402 370 libero
1424 346 1562 374 tamen,
1591 349 1652 378 pro
1675 337 1733 372 suo
1756 352 1807 373 ar·

1052 382 1160 417 bitrio
1197 385 1323 420 nubere
1364 399 1405 421 ex
1435 388 1530 435 Lege
1562 389 1642 423 181..
1674 388 1806 423 Rotha-

1050 432 1117 466 ris.
1163 435 1208 467 Et
1250 436 1414 480 quoniam
1467 437 1656 472 humanum
1701 451 1806 485 genus

1049 495 1160 517 novos
1181 483 1217 518 in
1240 484 1311 519 dies
1330 498 1483 532 procreat
1503 488 1675 531 excessus,
1697 501 1806 535 quum

1049 532 1222 568 abundare
1249 536 1435 582 coepissent
1475 539 1568 578 viri,
1607 541 1668 586 qui
1708 540 1806 574 blan-

1048 582 1148 617 ditiis
1177 583 1383 620 feminarum
1412 590 1587 624 excaecati
1620 593 1727 625 M-:tas
1755 589 1804 625 eis

1048 633 1256 669 immodicas
1295 637 1572 678 constituebant,
1613 640 1805 676 interceffit

1048 682 1139 718 idem
1170 685 1428 733 Liutprandus.
1457 703 1493 724 ac
1522 692 1662 726 modum
1687 691 1803 737 prodi-

971 740 999 774 Β
1045 734 1185 781 galitati
1235 735 1442 793 posterorum
1492 740 1635 787 posuit.
1688 743 1803 789 Digna

1046 785 1111 824 est.
1141 799 1229 832 quae
1256 796 1391 833 integra
1421 788 1486 823 huc
1513 791 1679 828 referatur
1703 792 1802 827 illius

1046 837 1122 871 Lex
1153 848 1211 883 35.
1240 837 1322 872 Lib.
1342 842 1377 873 6.
1403 839 1441 872 Si
1466 842 1555 885 quis,
1583 843 1657 886 ait,
1694 841 1803 884 conju-

1039 888 1077 932 gi
1104 887 1175 928 luae
1205 890 1329 921 Metam
1356 891 1431 922 dare
1457 891 1587 925 voluerit
1604 921 1614 936 ‚
1643 894 1689 928 ita
1716 893 1803 927 nob1's

1038 936 1158 983 justum
1185 936 1240 982 effe
1267 940 1437 981 comparuit
1454 967 1464 983 ‚
1500 951 1534 974 ut
1569 944 1644 983 ille,
1681 943 1736 990 qui
1761 942 1803 984 esl

1035 991 1147 1031 Judex
1175 988 1188 1035 (
1210 988 1292 1023 idest
1320 991 1476 1031 Comes,
1506 1001 1562 1027 aut
1589 994 1629 1028 de
1655 1005 1802 1028 numero

1044 1040 1287 1086 Magnatum)
1314 1041 1390 1073 dare
1415 1039 1527 1074 debeat
1542 1069 1552 1084 ‚
1584 1043 1615 1083 fi
1640 1044 1801 1082 voluerit,

1043 1089 1169 1123 Solidos
1195 1092 1320 1124 CCCC.
1346 1091 1483 1134 amplius
1511 1105 1568 1125 non
1586 1119 1594 1127 .
1643 1097 1688 1128 Et
1728 1094 1803 1127 reli-

1043 1140 1098 1185 qui
1123 1141 1256 1173 Nobiles
1283 1141 1419 1174 homines
1446 1142 1522 1175 dare
1561 1144 1689 1177 debeant
1714 1144 1802 1178 Soli-

175 1200 378 1238 praetereo:
409 1190 462 1225 sed
493 1204 598 1226 unum
629 1200 721 1227 certe
750 1192 936 1238 praeterire
968 1189 1011 1227 C
1043 1192 1098 1222 dos
1124 1192 1219 1224 CCC.
1246 1190 1385 1233 amplius
1414 1204 1492 1226 non.
1529 1194 1577 1226 Et
1596 1193 1626 1233 fi
1651 1195 1802 1240 quiscum-

176 1240 270 1276 nefas
297 1241 398 1276 effet.
442 1241 624 1276 Nimirum
653 1240 675 1274 s1
704 1241 817 1288 puella
847 1240 936 1276 libe-

176 1303 234 1328 ra,
263 1301 322 1326 aut
349 1291 455 1325 vidua
482 1291 576 1324 alteri
610 1291 776 1336 sponsata,
816 1290 937 1338 sponte

176 1340 319 1387 quidem
337 1368 346 1384 ‚
375 1339 429 1375 sed
449 1340 521 1381 stne
546 1341 710 1376 voluntate
733 1341 859 1386 patris,
884 1344 938 1374 vel

171 1391 306 1434 fratris,
348 1392 401 1424 vel
440 1390 528 1433 ejus,
568 1392 613 1424 ad
646 1404 732 1436 quem
761 1392 937 1424 Mundium

171 1440 372 1487 pertinebat,
423 1439 501 1473 viro
547 1439 654 1474 alicui
700 1440 832 1476 Libero
879 1454 938 1488 per

175 1488 443 1525 matrimonium
473 1489 729 1536 copulabatur,
757 1500 841 1526 tunc
868 1505 936 1526 ma-

175 1542 277 1581 ritus,
321 1540 377 1588 qui
411 1553 478 1574 eam
524 1540 558 1572 in
602 1553 725 1574 uxorem
759 1553 935 1588 acceperat,

174 1592 391 1628 multabatur
417 1604 435 1625 a
465 1592 580 1638 Lege,
617 1590 684 1625 hoc
727 1591 771 1627 est
812 1594 937 1627 solidos

174 1643 298 1688 viginti
338 1653 510 1687 componere
553 1641 743 1689 cogebatur
791 1642 936 1679 habenti

174 1691 365 1728 Mundium
396 1690 581 1734 mulieris,
622 1692 727 1740 idque
761 1704 817 1740 pro
855 1708 935 1728 ana—

170 1744 268 1789 gdp,
312 1741 395 1777 idest
423 1754 485 1789 pro
512 1742 613 1790 culpa
641 1743 936 1791 praesumtionis,

174 1794 208 1828 &
238 1794 366 1827 alteros
391 1792 518 1839 viginti
539 1804 664 1840 propter
684 1795 832 1838 faidam,
869 1796 936 1830 hoc

176 1842 221 1879 est
250 1856 292 1878 ne
320 1852 435 1890 agnati
466 1842 695 1879 inimicitiam
718 1847 873 1884 alerent,
898 1859 936 1880 ac

176 1893 218 1928 de
247 1907 288 1928 eo
316 1892 510 1928 vindiffiam
539 1894 732 1930 sumerent.
774 1896 811 1931 Id
853 1909 938 1931 con-

177 1943 240 1978 stat
268 1957 309 1979 ex
332 1944 512 1979 nonnullis
535 1945 690 1993 Legibus
718 1946 881 1982 Rotharis
902 1949 934 1982 8<

176 1994 417 2042 Liutprandi;
454 2008 473 2029 e
499 1997 626 2041 quibus
653 1996 713 2031 iste
739 1997 846 2032 etiam
875 1997 934 2032 sta-

174 2047 246 2081 tuit
276 2047 370 2092 Lege
398 2049 457 2080 61.
487 2055 525 2080 ut
553 2045 575 2080 fi
604 2046 774 2093 ejusmodi
801 2049 937 2095 puellae

176 2097 235 2132 sua
262 2095 383 2143 sponte
412 2096 557 2131 nubenti
595 2100 688 2132 Meta
714 2112 767 2133 nec
789 2098 934 2145 promissa

175 2161 227 2183 nec
254 2148 332 2181 data
355 2146 473 2189 suerit,
510 2147 556 2185 &⁴
592 2149 754 2194 contigerit
791 2160 827 2184 ut
853 2152 935 2184 Ma-

174 2198 257 2233 ritus
295 2197 356 2243 ipse
392 2198 562 2239 moriatur,
617 2209 783 2243 antequam
822 2201 861 2234 de
899 2214 935 2235 ea

173 2248 352 2284 Mundium
377 2248 496 2290 saciat,
525 2260 667 2282 contenta
691 2249 733 2289 fit
760 2250 826 2296 ipsa
854 2254 932 2284 Mu-

173 2300 254 2338 lier,
295 2312 346 2332 nec
379 2298 468 2345 poffit
499 2298 602 2345 postea
643 2302 768 2334 Metam
795 2314 935 2347 quaerere

176 2351 219 2385 ab
244 2350 403 2384 heredibus
423 2348 511 2392 ejus.
539 2351 704 2385 ceterum
726 2351 840 2386 eadem
864 2353 933 2388 Le-

176 2414 213 2447 ge
248 2399 555 2443 Langobardorum
586 2400 747 2436 statutum
777 2401 866 2439 fuit.
895 2413 933 2438 ut

175 2451 200 2487 fi
229 2451 343 2496 puella
366 2451 434 2491 fine
450 2452 616 2486 voluntate
639 2463 825 2499 parentum,
851 2452 934 2488 idest

177 2502 307 2551 patris,
336 2512 394 2537 aut
422 2501 565 2538 fratrum
583 2528 595 2543 ,
621 2513 680 2538 aut
707 2514 933 2551 agnatorum,

177 2553 349 2593 nuberet,
397 2553 459 2601 qui
485 2567 562 2590 eam
599 2555 761 2595 duxerit,
797 2554 934 2591 Solidos

967 1642 1001 1676 D
1041 1639 1230 1689 significat.

1042 1252 1099 1285 que
1124 1239 1206 1273 alter
1233 1240 1320 1274 homo
1347 1243 1450 1276 minus
1475 1243 1550 1277 dare
1576 1245 1731 1289 voluerit,
1750 1248 1805 1279 det

1042 1293 1187 1335 quomodo
1213 1292 1410 1327 convenerit.
1452 1293 1699 1342 Explicatione
1736 1294 1805 1329 mi-

1042 1340 1139 1373 nime
1165 1340 1301 1388 indiget
1329 1343 1406 1377 Lex
1436 1343 1516 1379 ista.

1093 1391 1225 1424 Ver'um
1264 1405 1306 1427 ne
1347 1391 1391 1427 fic
1434 1393 1577 1440 quidem
1616 1395 1802 1443 cupiditati

1042 1440 1236 1476 Mulierum
1267 1440 1396 1477 fafitum
1426 1445 1469 1478 est
1498 1445 1601 1480 satis.
1630 1445 1677 1480 Iis
1706 1457 1802 1492 prae-

1041 1497 1134 1524 terea
1171 1493 1383 1538 Morgincap‚
1426 1495 1519 1540 quod
1560 1494 1658 1542 supra
1686 1494 1803 1530 norni—

1041 1538 1226 1583 navimus,
1262 1554 1280 1575 a
1310 1542 1482 1590 plerisque
1508 1544 1646 1579 maritis
1674 1545 1801 1581 consti—

1041 1591 1223 1625 tuebatur.
1266 1593 1392 1625 Donum
1433 1595 1622 1629 matutinale
1661 1608 1700 1631 ea
1728 1607 1800 1631 vox

1277 1643 1358 1677 Hoc
1395 1642 1460 1683 est,
1502 1644 1641 1680 invee‘m
1681 1645 1800 1682 senfim

1042 1690 1253 1726 consuetudo
1281 1691 1372 1735 fuit,
1409 1702 1449 1728 ut
1484 1696 1612 1730 Mariti
1641 1709 1800 1732 remune-

1041 1741 1149 1776 raturi
1178 1741 1320 1777 Uxores
1347 1743 1394 1778 ob
1422 1744 1578 1785 labores,
1607 1745 1718 1793 prima
1738 1760 1801 1782 no-

1041 1792 1094 1828 &e
1122 1792 1280 1840 conjugii
1307 1795 1527 1834 exantlatos,
1557 1796 1672 1844 primo
1701 1810 1801 1834 mane

1041 1844 1090 1879 eis
1118 1843 1248 1878 donum
1286 1844 1445 1892 nuptiale
1473 1845 1693 1886 conferrent,
1730 1860 1802 1883 non

1043 1907 1214 1943 gemmam
1233 1920 1241 1933 „
1289 1907 1359 1929 non
1403 1894 1550 1940 vestem,
1595 1910 1666 1932 non
1716 1898 1802 1934 alias

1044 1945 1164 1980 mundi
1193 1944 1376 1980 muliebris
1405 1958 1538 1993 nugas,
1575 1947 1629 1982 sed
1668 1950 1803 1996 portio-

1044 2009 1122 2031 nem
1151 1995 1366 2031 fortunarum
1395 1995 1531 2031 suarum
1549 2024 1557 2033 .
1587 2000 1632 2032 Et
1660 2011 1697 2033 ea
1723 1999 1803 2046 qui-

1044 2046 1121 2081 dem
1159 2046 1305 2081 donatio
1340 2046 1475 2082 diversa
1517 2061 1534 2082 a
1573 2051 1666 2083 Meta
1706 2049 1799 2085 fuit:

1046 2109 1122 2131 nam
1170 2096 1206 2131 in
1248 2098 1342 2145 Lege
1389 2099 1434 2133 V.
1481 2097 1658 2144 Aistulphi
1698 2101 1802 2146 Regis

1046 2150 1138 2182 Meta
1178 2145 1215 2182 ὃ(
1258 2148 1449 2194 Morgincap
1489 2149 1641 2184 dilucide
1682 2150 1801 2185 distin-

1045 2206 1216 2243 guuntur.
1270 2199 1483 2245 Irrepserunt
1522 2201 1555 2234 ἃ
1599 2200 1664 2235 huc
1711 2201 1800 2236 vitia

1046 2249 1176 2283 multa:
1206 2261 1311 2296 quare
1337 2249 1432 2284 suum
1455 2250 1587 2286 censuit
1609 2251 1820 2297 Liutpran-,

1045 2300 1106 2334 dus
1135 2301 1232 2341 Rex,
1261 2300 1404 2335 uxorios
1433 2300 1527 2336 viros
1547 2301 1730 2340 cohibere,
1758 2314 1801 2338 ne

1045 2350 1080 2385 in
1109 2350 1226 2385 stultas
1254 2351 1459 2386 donationes
1480 2351 1551 2393 rapi
1581 2352 1613 2386 se
1633 2350 1799 2388 finerent.

1046 2401 1136 2436 Vide
1159 2402 1288 2450 Legem
1311 2401 1457 2442 primam
1486 2403 1566 2438 Ltb.
1589 2416 1621 2438 2.
1642 2403 1700 2438 ubi
1718 2402 1801 2439 haec

1045 2451 1235 2486 habentur:
1278 2453 1412 2499 Siquis
1454 2456 1680 2498 Langobardus
1707 2457 1801 2488 Mor-

1041 2503 1158 2550 gt'ncap
1181 2502 1307 2549 conjugi
1327 2503 1404 2547 suae
1421 2505 1496 2538 dare
1515 2505 1672 2547 voluerit,
1699 2519 1800 2553 quan-

1010 2564 1018 2601 ι
1045 2558 1085 2590 do
1104 2552 1172 2596 fibi
1196 2567 1265 2590 eam
1289 2553 1324 2589 in
1348 2554 1506 2602 conjugem
1525 2555 1716 2600 sociaverit,
1753 2559 1801 2594 ita

1688 2609 1744 2643 de-
