2279 3006
470 243 550 284 523
769 227 1196 285 ANTJQUJT.
1247 225 1483 269 MEDJJ
1520 224 1702 268 AEVJ
1902 231 1990 285 324

405 281 507 320 lieno.
537 287 634 333 Quid
662 287 797 329 sclusa,
834 286 919 334 quid
964 288 1171 322 Farirzaritem
1209 288 1242 324 A

403 330 536 377 fuerit,
574 337 657 373 hinc
693 338 821 372 habes.
865 336 991 373 Italica
1027 338 1168 388 Lingua

405 398 469 434 pro
497 389 607 434 Sclusa
632 387 722 422 dicit
749 387 888 432 Chiusa.

455 438 535 474 Tit.
569 442 626 475 26.
661 435 752 485 Cap.
789 440 821 474 8.
859 438 993 486 Siquis
1015 440 1168 484 feminam

400 487 560 534 postquam
587 488 658 527 ἕνα.
696 488 839 525 Estenfis
880 487 1029 526 Codex:
1070 491 1167 535 semi-

405 552 479 572 nam
507 540 696 586 ingenuam.

455 589 531 624 Tit.
560 601 621 636 29.
645 588 737 637 Cap.
763 592 798 626 6.
825 591 864 626 si
889 591 959 639 quis
986 591 1103 639 meffem
1129 606 1165 627 a—

402 639 520 673 lienam
554 650 609 683 per
639 640 763 684 furtum
807 653 918 676 metere
952 653 1009 677 aut
1055 643 1166 690 reffare

399 689 660 735 praesumpserit.
689 693 730 726 In
757 692 883 728 Estenfi
911 693 1066 730 Codice:
1107 702 1165 728 aut

400 740 553 785 treffare.
583 742 624 776 In
652 742 776 777 Glolsa
802 743 967 779 additur:
999 743 1076 786 idest
1097 744 1166 790 spi-

401 790 488 825 canti
514 791 666 827 evellere.
693 794 734 828 In
762 792 921 830 editione
947 794 1095 830 Eccardi
1122 793 1166 829 est

404 850 514 875 metere
539 851 596 877 aut
622 843 796 889 repaftere.
836 846 895 880 Tu
924 844 1023 880 illius
1052 847 1166 880 Notas

403 890 484 948 adi,
512 891 535 927 fi
562 893 680 929 lubet:
710 907 822 942 neque
849 894 945 930 enim
982 895 1165 931 immorari

421 951 504 978 uvat
519 969 529 979 .

403 956 415 992 ¹
455 993 533 1030 Tit.
556 1006 614 1041 29.
639 993 730 1043 Cap.
758 997 790 1031 8.
818 995 857 1030 Si
883 996 955 1042 quis
983 996 1110 1043 impetos
1128 997 1167 1030 de

402 1045 531 1080 melaria
558 1045 630 1083 ὡς.
658 1045 792 1081 tulerit.
833 1045 977 1082 Estenfis
1017 1047 1163 1083 Codex:

403 1095 443 1130 Si
477 1096 548 1142 quis
589 1097 722 1143 impetus
763 1095 835 1134 &aa
873 1097 988 1132 Addit
1024 1097 1162 1133 Gloffa:

403 1145 483 1189 idest
506 1157 616 1194 poma.
646 1145 775 1182 Nescio
802 1160 845 1183 an
874 1149 1046 1196 Interpres
1072 1147 1167 1183 divi-

404 1209 490 1233 num
518 1197 648 1245 egerit.
689 1197 782 1233 Heic
818 1198 914 1234 enim
959 1198 1089 1234 surculi
1125 1197 1167 1234 ad

404 1247 624 1284 inserendum
654 1247 803 1284 indicari
831 1249 948 1297 potius
976 1249 1167 1285 videntur.

457 1299 536 1334 Tit.
562 1311 620 1347 29.
638 1297 728 1346 Cap.
751 1311 806 1346 13.
827 1301 861 1334 in
881 1299 1064 1346 Napinam.
1095 1301 1166 1335 Co-

406 1348 473 1384 dex
501 1350 569 1385 Est.
598 1350 632 1384 in
660 1350 846 1397 Rufinum,
874 1349 958 1385 idest
987 1349 1046 1385 ubi
1074 1361 1168 1396 rapae

406 1399 598 1435 habentur.

458 1450 535 1484 Tit.
573 1462 632 1496 29.
667 1452 754 1496 Cap.
783 1461 839 1497 19.
866 1451 906 1484 Si
932 1451 1002 1495 quis
1027 1460 1168 1484 aratrum

408 1500 440 1534 in
481 1510 621 1545 campum
661 1500 800 1533 alienum
846 1499 965 1532 intrare
1001 1500 1168 1541 prohibue-

404 1551 448 1584 rit
475 1549 547 1587 &a
575 1549 629 1583 vel
655 1548 837 1591 testa-verit.
879 1548 998 1583 Habet
1026 1545 1169 1582 Estenfis

406 1601 551 1638 Codex:
581 1600 636 1634 vel
663 1599 827 1641 reflaverit
842 1623 852 1638 ,
881 1598 958 1641 idest
984 1598 1168 1633 vetaverit.

456 1651 535 1687 Tit.
567 1662 627 1697 29.
662 1648 752 1697 Cap.
788 1661 846 1694 24.
874 1649 998 1685 Codex
1025 1647 1169 1684 Estenfis

406 1701 503 1738 addit
531 1700 569 1736 in
597 1699 686 1734 fine:
733 1701 779 1734 Et
799 1699 831 1740 fi
857 1700 891 1734 in
918 1699 1040 1734 caballo
1066 1701 1168 1733 addu-

406 1754 508 1794 xerit,
537 1753 612 1786 XII.
640 1750 783 1785 solidos.
812 1752 859 1784 Et
880 1750 910 1791 fi
929 1751 963 1784 in
982 1750 1090 1795 dorso,
1113 1752 1167 1786 VI.

406 1803 532 1838 Solidos
557 1800 726 1847 culpabilis
749 1800 927 1845 judicetur.

455 1852 532 1889 Tit.
560 1864 618 1899 29.
643 1852 730 1899 Cap.
756 1863 815 1898 32.
845 1852 884 1886 Si
923 1851 994 1898 quis
1024 1851 1167 1893 statuam

403 1914 460 1940 aut
485 1903 666 1937 tremaclum
693 1901 763 1940 &a
787 1901 827 1937 In
854 1902 980 1938 Estenfi
1001 1901 1162 1939 Codice:

402 1955 442 1989 si
466 1954 536 2002 quis
559 1953 698 1996 statuam
737 1953 844 2001 (idest
867 1954 992 2002 retias)
1020 1964 1076 1988 aut
1102 1964 1165 1988 tre-

402 2006 579 2040 maculum.
608 2003 840 2041 Wendelinus
867 2005 902 2040 &
930 2004 1165 2053 Du—Cangius

394 2056 536 2099 statuam
562 2053 661 2090 fuiffe
688 2065 809 2090 contum
835 2055 1071 2091 arbitrantur.
1113 2057 1165 2091 At

400 2107 480 2143 heic
506 2119 577 2142 non
605 2105 648 2142 de
674 2105 843 2147 navibus,
879 2105 935 2142 sed
963 2106 1004 2142 de
1032 2105 1164 2141 retibus

400 2157 536 2206 agitur.
563 2157 780 2197 Tremaclum‚
807 2170 898 2193 nunc
914 2156 1163 2193 Tuscis'Tre-

400 2208 543 2255 maglio,
570 2207 673 2244 nobis
699 2208 912 2245 Lombardis
939 2208 1162 2248 Tramacehio,

399 2261 483 2294 retis
511 2272 639 2307 genus,
675 2258 717 2294 de
750 2259 848 2308 cujus
885 2257 985 2296 vocis
1024 2258 1162 2308 origine

400 2309 540 2345 consule
568 2309 764 2346 Ferrarium
793 2324 832 2346 ac
859 2309 1093 2359 Menagium.

449 2361 527 2397 Tit.
540 2373 598 2408 30.
613 2362 700 2408 Cap.
713 2361 816 2408 prim.
840 2364 886 2396 Et
894 2362 1030 2405 pretium
1038 2372 1163 2408 propter

399 2411 450 2445 ho:
475 2412 616 2447 dederit.
643 2411 794 2456 Legitur
821 2411 858 2448 in
883 2411 1009 2448 Estensi
1029 2413 1157 2448 MSto:

401 2462 590 2506 &pretium
614 2473 742 2510 propter
768 2464 819 2498 hoc
834 2463 1003 2511 acceperit,
1029 2461 1075 2502 ό*
1100 2476 1159 2498 non

398 2511 523 2554 fecerit.

505 2620 521 2634 “
544 2620 648 2653 Immo
670 2623 858 2673 Tramaglio'.

1337 286 1415 321 Tit.
1446 298 1505 333 32.
1532 284 1623 332 Cap.
1657 297 1688 321 1.
1723 285 1762 321 si
1801 286 1872 334 quis
1910 288 2048 322 alterum

1285 337 1432 371 Cenitum
1459 337 1668 371 clamaverit.
1697 338 1737 372 In
1764 336 1901 373 Codice
1929 337 2048 373 Esten-

1287 386 1330 422 sl:
1360 388 1507 422 Cenitum
1544 386 1651 433 (idest
1673 389 1820 436 Arga).
1865 390 1918 423 De
1959 401 2043 424 voce

1285 442 1383 483 Arga
1411 437 1511 476 vide,
1539 449 1627 484 quae
1657 438 1889 487 Du-Cangius
1916 439 2046 475 habet.

1286 488 1378 524 Vide
1413 488 1519 523 etiam
1569 486 1856 524 Differtationem
1911 491 2046 525 XXIII.

1285 537 1546 586 subsequentem
1584 541 1623 572 de
1657 538 1809 573 Moribus
1844 541 1920 575 Ital.
1947 539 2044 576 Cum

1284 589 1487 624 VVendelini
1515 588 1809 637 interpretatione
1843 590 1963 626 Gloss'a
1997 593 2045 626 E-

1284 638 1394 675 stenfis
1423 638 1614 675 consonat.

1335 689 1413 725 Tit.
1438 703 1495 738 3²¹·
1522 692 1611 738 Cap.
1634 702 1669 737 7.
1696 690 1736 725 Si
1754 690 1825 737 quis
1842 690 1976 724 alterurn
1990 690 2045 725 de-

1283 741 1413 775 latorem
1439 742 1645 776 clamaverit.
1683 743 1765 776 Vox
1791 740 1852 776 ista
1879 739 2045 776 Italicum

1284 791 1364 837 Spia
1404 790 1601 841 fignificat,
1644 799 1683 828 ut
1727 804 1849 828 omnes
1890 800 2045 827 norunt.

1285 841 1426 878 Eruditi
1453 841 1623 878 Germani
1649 842 1814 882 videant,
1841 855 1903 878 cur
1926 841 2045 877 Gloffa

1285 891 1427 928 Estenfis
1444 893 1619 942 explicet:
1649 894 1851 938 Delatorem,
1871 893 1949 936 idest
1962 893 2045 928 Lin-

1284 943 1468 990 degarium.

1335 993 1413 1030 Tit.
1435 1006 1493 1041 37.
1527 996 1615 1042 Cap.
1645 994 1748 1043 prim.
1775 993 1974 1029 Homicidam
2001 993 2045 1027 il-

1283 1045 1350 1078 lum
1375 1045 1495 1079 domini
1521 1046 1603 1079 inter
1622 1046 1658 1090 se
1681 1045 1856 1080 divitiam.
1893 1043 1935 1080 In
1971 1045 2044 1080 Co-

1284 1094 1361 1130 dice
1389 1094 1534 1130 Estenfi:
1567 1095 1778 1130 Homicidium
1805 1096 1891 1130 illud
1916 1095 1985 1129 &aa

1335 1145 1412 1181 Tit.
1447 1157 1506 1192 37.
1545 1144 1636 1193 Cap.
1675 1158 1708 1181 2.
1737 1145 1856 1182 Glofl'a
1896 1145 1934 1181 in
1976 1144 2044 1180 fine

1284 1194 1368 1231 haec
1395 1195 1513 1232 addit:
1544 1197 1692 1231 Indicant
1719 1197 1862 1236 Franci,
1891 1196 1946 1242 qui
1972 1198 2046 1230 LX.

1284 1257 1340 1281 aut
1364 1247 1531 1294 plusquam
1559 1251 1630 1282 XL.
1659 1247 1813 1282 Denarios
1838 1247 1973 1290 valent,
1987 1245 2046 1290 su-

1284 1308 1371 1331 ratus
1392 1298 1518 1342 fuerit,
1560 1309 1594 1332 ut
1625 1298 1671 1340 fit
1707 1301 1826 1333 Latro.
1867 1296 1937 1343 ,Qui
1971 1298 2045 1331 ver«)

1284 1348 1408 1392 minus,
1436 1362 1496 1383 non
1518 1348 1564 1390 fit
1583 1375 1591 1384 .

1335 1399 1413 1432 Tit.
1442 1411 1499 1444 37.
1526 1401 1612 1445 Cap.
1633 1402 1666 1435 8.
1694 1399 1813 1435 Gloss'a
1833 1397 1980 1435 Codicis
1999 1398 2046 1432 E-

1284 1446 1395 1482 stenfis
1423 1449 1463 1482 ad
1493 1448 1597 1482 verba
1623 1447 1712 1482 ina:
1751 1451 1791 1481 si
1826 1452 1924 1493 legem
1951 1448 2048 1483 intel-

1284 1498 1414 1537 lexerit,
1442 1497 1525 1533 haec
1552 1497 1684 1532 habet:
1715 1496 1811 1538 idest,
1834 1497 1865 1537 fi
1890 1498 1977 1531 bomo
2004 1496 2046 1530 il-

1285 1547 1334 1584 le,
1361 1548 1416 1591 qui
1441 1547 1551 1591 occisus
1577 1547 1619 1588 est
1635 1574 1644 1590 ,
1681 1557 1738 1581 aut
1763 1557 1907 1592 parentes
1931 1546 2046 1581 Domi-

1287 1607 1324 1628 no
1351 1595 1404 1628 vel
1430 1598 1529 1629 Servo
1564 1597 1616 1628 illi
1652 1596 1860 1639 malefecerint
1875 1624 1886 1641 ‚
1922 1607 1958 1632 ut
1989 1607 2046 1644 per

1285 1645 1382 1692 legem
1404 1645 1471 1687 sint
1498 1645 1692 1688 culpabiles,
1730 1647 1845 1690 poterit
1877 1648 1914 1692 se
1947 1648 2045 1682 recla-

1285 1709 1394 1740 mare,
1421 1706 1457 1730 ut
1483 1697 1621 1731 Leudem
1648 1709 1708 1730 non
1729 1696 1864 1741 solvat,
1904 1698 1960 1731 vel
1985 1710 2045 1732 non

1284 1747 1406 1782 tribuat
1431 1747 1616 1794 quicquam,
1646 1746 1707 1789 nifi
1725 1749 1806 1794 quod
1824 1750 1958 1782 Servum
1977 1757 2045 1782 tra-

1282 1798 1340 1833 dat
1350 1811 1371 1841 ,·
1397 1797 1440 1831 Θ·
1463 1797 1645 1844 priusquam
1671 1798 1841 1833 tradiderit
1867 1812 1954 1837 eum,
1995 1797 2047 1832 di-

1283 1858 1357 1887 cat,
1394 1847 1487 1882 illum
1526 1851 1661 1883 Servum
1696 1862 1756 1883 non
1791 1848 1924 1889 habere,
1965 1849 2046 1883 unde

1282 1899 1436 1934 mallatus
1462 1898 1532 1941 est:
1559 1899 1602 1933 Θ·
1627 1898 1816 1935 liberabitur
1854 1914 1876 1935 a
1901 1899 2046 1946 compost-

1283 1950 1365 1983 tione
1391 1950 1587 1986 medietatis.
1615 1951 1712 1986 Haec
1740 1964 1811 1986 non
1832 1950 1978 1986 inutilia
2003 1949 2044 1985 ad

1282 1999 1597 2048 Jurisprudentiam
1625 2001 1797 2037 barbarici
1825 2001 1922 2038 aevi.

1333 2050 1411 2087 Tit.
1435 2064 1495 2098 40.
1523 2053 1610 2100 Cap.
1644 2053 1678 2088 6.
1707 2051 1746 2087 in
1774 2050 1844 2089 fine
1870 2051 1954 2087 haec
1981 2050 2042 2087 ad-

1282 2101 1411 2138 duntur
1452 2116 1471 2138 a
1511 2100 1650 2140 Codice
1690 2103 1842 2139 Estenfi:
1889 2103 1929 2138 Si
1967 2105 2041 2137 verb

1281 2154 1385 2188 minus
1409 2155 1448 2188 de
1479 2154 1537 2199 sex
1566 2154 1708 2197 fuerint,
1744 2154 1831 2188 mille
1865 2152 2040 2195 Denariis‚

1281 2205 1335 2251 qui
1354 2204 1481 2249 faciunt
1515 2204 1639 2239 Solidos
1664 2206 1768 2238 XXV.
1793 2202 1962 2248 culpabilis
1981 2200 2042 2248 ju-

1279 2256 1421 2301 dicetur,
1447 2265 1567 2302 excepto
1592 2254 1726 2302 capitale
1752 2253 1795 2287 (9'
1820 2253 1989 2287 dilutura.

1331 2306 1409 2343 Tit.
1433 2318 1495 2353 42.
1522 2307 1608 2354 Cap.
1635 2315 1669 2350 5.
1696 2303 1791 2338 etiam
1827 2303 1947 2338 nolenti
1973 2305 2040 2338 Do-

1281 2357 1363 2392 mino
1400 2357 1497 2393 Servi
1539 2356 1656 2403 pignus
1689 2358 1804 2390 donare
1844 2355 1962 2390 debet.
2000 2355 2040 2389 In

1281 2408 1415 2445 Codice
1455 2405 1610 2443 Estenfi:
1648 2414 1705 2442 aut
1745 2405 1867 2440 nolente
1901 2404 2040 2442 Domino

1279 2460 1375 2493 Servi
1391 2487 1401 2504 ‚
1425 2461 1543 2506 pignus
1569 2456 1641 2497 &c-

1330 2509 1407 2545 Tit.
1433 2522 1493 2557 43.
1522 2506 1612 2556 Cap.
1645 2518 1676 2543 1.
1711 2507 1751 2542 si
1786 2508 1857 2555 quis
1882 2509 2041 2555 Ingenuus

1280 2560 1433 2595 hominem
1459 2563 1618 2597 Francum
1631 2582 1643 2600 ,
1678 2568 1736 2594 aut
1761 2560 1941 2598 Barbarum
1965 2558 2042 2595 occi.-

1934 2607 1990 2654 de.
